1813 2972
47 1897 73 1922 M
84 1898 161 1921 »rina

893 102 946 142 18

211 224 296 263 iam
331 223 443 263 circa
474 234 635 262 3111111111
659 219 856 260 60.1110111
890 218 941 259 de
959 220 1090 259 Arato
1123 218 1372 272 cognovisse
1403 216 1622 272 putandus

211 298 285 347 est,
330 296 390 336 ita
433 297 481 335 ut
527 306 612 333 non
661 292 890 333 verisimile
937 292 1003 342 sit,
1049 290 1180 331 nihilo
1229 291 1361 331 setius
1411 302 1509 330 eum
1546 288 1621 329 illo

210 372 398 422 tempore
430 366 707 420 Prognostica
738 366 782 405 in
815 363 1015 405 Latinum
1053 361 1332 403 transtulisse.
1399 361 1625 403 Praeterea

209 441 287 481 vix
318 439 516 481 credibile
549 441 624 490 est,
657 438 693 478 si
724 437 954 477 maturiore
987 438 1122 476 aetate
1154 433 1434 488 Prognostica
1473 433 1623 476 Latine

210 511 475 562 reddidisset,
522 509 820 550 Phaenomena
866 521 954 549 non
990 510 1322 548 retractaturum
1353 519 1453 547 eum
1482 507 1626 559 fuisse,

213 588 261 625 ut
291 584 386 624 illos
418 582 533 623 haud
565 583 625 622 ita
656 594 812 636 paucos
846 584 886 621 01
927 581 1043 622 leves
1085 592 1260 632 errores,
1303 580 1349 620 in
1383 591 1489 632 quos
1521 579 1627 620 adu-

211 655 478 697 lescentulus
508 653 726 703 inciderat,
759 653 936 703 tolleret,
961 653 1077 707 quod
1107 666 1191 694 non
1224 652 1384 693 factum
1417 664 1510 692 esse
1539 653 1624 692 iam

215 741 344 782 supra
367 727 422 782 (p.
450 724 538 780 16.)
573 726 733 766 dictum
766 729 839 766 est.
901 726 1091 778 Accedit,
1123 725 1237 779 quod
1267 726 1370 779 ipse,
1394 723 1629 777 nisifallor,

213 804 395 842 testatur
411 799 688 853 Prognostica
720 810 764 838 se
788 798 1088 851 conscripsisse
1120 798 1348 839 admodum
1383 797 1629 838 adulescen-

213 873 365 924 tulum,
388 871 438 912 cf.
473 871 524 912 de
556 876 640 912 nat.
675 871 785 910 deor.
818 869 874 911 11.
909 870 976 909 41.
1013 870 1118 910 104:
1156 874 1294 923 ,atque
1325 870 1406 910 hoc
1436 869 1527 910 loco
1560 880 1629 909 me

213 946 385 985 intuens
417 947 534 996 ,utar,
581 944 734 996 inquit,
767 941 1087 983 carminibus
1125 943 1354 995 Arateis,
1393 954 1503 996 quae
1535 955 1559 982 a
1591 945 1631 982 te
1674 934 1678 937 ¹

215 1017 443 1058 admodum
491 1015 811 1057 adulescentulo
857 1028 1063 1056 conversa
1074 1047 1232 1058 ......
1244 1014 1254 1035 ‘
1317 1014 1412 1055 Non
1461 1014 1513 1055 de
1543 1026 1630 1054 uno

215 1091 346 1144 igitur
378 1102 433 1130 ex
465 1090 597 1130 Arato
629 1088 833 1129 translato
866 1089 1055 1129 carmine
1088 1088 1158 1128 hic
1190 1088 1302 1141 dicit,
1349 1087 1424 1128 sed
1457 1086 1508 1127 de
1539 1087 1632 1140 plu-

215 1162 348 1215 ribus,
380 1163 406 1202 i.
439 1174 471 1202 0.
506 1162 557 1203 de
590 1161 903 1203 Phaenomenis
951 1164 991 1201 et
1040 1160 1091 1201 de
1136 1160 1437 1215 Prognosticis.
1499 1159 1635 1201 Aliter

217 1235 346 1276 verba
378 1234 650 1287 ,carminibus
684 1233 869 1274 Arateis‘
903 1233 1040 1288 (velut
1057 1233 1130 1283 sic,
1164 1236 1209 1273 111
1227 1233 1415 1273 carmina
1437 1243 1525 1272 non
1547 1233 1634 1272 sint

219 1307 437 1361 complura
467 1308 583 1371 inter⁴
612 1319 656 1347 se
690 1307 857 1348 diversa
889 1309 1094 1360 poemata,
1141 1306 1215 1346 sed
1247 1305 1486 1360 complures
1519 1305 1634 1346 01113-

220 1380 312 1422 dem
347 1380 551 1434 poematis
582 1378 681 1433 loci)
707 1379 946 1433 intelligere
978 1391 1065 1419 non
1095 1379 1206 1419 licet.

363 1451 479 1500 Quae
525 1465 622 1493 011111
666 1453 723 1492 113
757 1453 854 1503 31111,
904 1464 990 1491 11011
1039 1450 1184 1491 dubito
1233 1450 1476 1491 Fabricium
1512 1449 1557 1505 (l.
1597 1463 1634 1491 0.

219 1539 257 1579 p.
293 1526 379 1579 14.)
411 1530 451 1566 et
483 1522 788 1565 Drumannum
820 1523 864 1580 (l.
898 1537 931 1564 0.
972 1537 1009 1563 V.
1047 1523 1100 1565 V.
1139 1537 1179 1578 p.
1214 1522 1332 1579 222.)
1365 1527 1405 1565 et
1436 1523 1540 1564 ali-os
1572 1535 1636 1564 se·

222 1602 344 1638 0111113
376 1597 655 1652 Prognostica
688 1609 858 1651 quoque
890 1597 1052 1650 primae
1084 1596 1395 1638 adulescentiae
1419 1595 1636 1637 Ciceronis

222 1670 466 1711 attribuere.
532 1669 682 1711 Utrum
718 1673 860 1710 autem
894 1669 1042 1710 eodem
1074 1673 1262 1722 tempore
1289 1682 1342 1709 an
1366 1669 1500 1723 spatio
1533 1680 1637 1722 quo-

224 1743 319 1783 dam
366 1743 568 1797 temporis
616 1743 864 1795 interposito
915 1742 997 1782 duo
1046 1743 1235 1782 carmina
1267 1741 1535 1795 converterit,
1574 1740 1638 1781 di-

224 1815 403 1856 iudicari
436 1828 520 1856 non
555 1819 704 1870 potest.

368 1887 519 1928 Omnia
553 1889 742 1928 carmina
774 1887 825 1928 de
849 1887 1007 1941 quibus
1030 1887 1167 1928 adhuc
1191 1887 1280 1928 dixi
1303 1887 1355 1928 ad
1379 1886 1637 1927 Graecorum

227 1961 420 2014 exempla
453 1961 740 2014 composuisse
787 1960 969 2011 videtur,
1014 1973 1122 2013 quae
1168 1964 1241 2001 aut
1288 1960 1421 2000 artius
1465 1961 1638 1999 secutus

227 2033 436 2073 convertit
467 2037 539 2073 aut
570 2032 747 2073 liberius
777 2034 968 2073 imitatus
1006 2036 1079 2073 est.
1142 2032 1224 2074 Sed
1264 2033 1348 2073 iam
1392 2031 1640 2072 adulescen-

228 2106 368 2146 tulum
401 2105 453 2146 ad
486 2111 737 2159 argumenta
769 2119 790 2146 e
823 2105 1111 2146 Romanorum
1144 2106 1335 2159 ipsorum
1367 2104 1498 2146 rebus
1520 2106 1641 2158 capta

229 2192 325 2219 eum
359 2191 604 2232 aggressum
628 2191 730 2232 esse,
751 2179 871 2220 docet
899 2191 1070 2219 carmen
1090 2191 1173 2232 quo
1196 2178 1382 2219 Marium
1404 2176 1641 2218 celebravit.

229 2250 280 2292 Id
312 2252 565 2304 inscriptum
597 2251 730 2292 fuisse
763 2251 950 2304 ,Marius‘
984 2252 1085 2292 satis
1119 2263 1172 2291 ex
1217 2252 1352 2305 ipsius
1389 2250 1642 2292 testimoniis

228 2327 352 2377 patet,
387 2323 436 2364 cf.
472 2324 522 2365 de
552 2325 661 2378 legg.
695 2324 730 2365 Ι.
766 2325 804 2366 1.
840 2325 875 2365 1.
910 2324 986 2377 (,in
1020 2323 1199 2378 Mario‘),
1235 2324 1338 2366 ibid.
1372 2323 1407 2364 Ι.
1439 2323 1508 2365 47.
1545 2322 1642 2366 106.

231 2396 367 2450 (apud
400 2399 440 2436 te
471 2397 517 2436 in
550 2395 733 2451 Mario‘),
766 2397 817 2437 ad
863 2397 949 2438 Att.
981 2396 1082 2438 XII.
1118 2398 1186 2438 49.
1223 2398 1257 2436 1.
1291 2398 1392 2451 (,per
1423 2389 1521 2438 eum
1553 2395 1642 2437 Ma-

230 2469 356 2521 rium,
405 2481 531 2522 quem
579 2469 889 2524 scripsissem‘).
957 2468 1141 2523 Epicum
1179 2473 1320 2510 autem
1353 2472 1441 2510 erat
1473 2481 1642 2510 carmen

231 2541 427 2582 versibus
481 2542 740 2584 hexametris
794 2542 1030 2591 conditum,
1084 2545 1132 2583 ut
1187 2541 1421 2595 fragmenta
1476 2546 1644 2583 servata

232 2613 472 2655 ostendunt.

1798 2323 1806 2335 .
1786 2086 1813 2222 wgo-uffan«
