1813 2972
865 97 917 137 13

180 226 320 268 usque
353 213 404 254 ad
439 227 476 254 ν.
511 215 623 267 450.,
656 214 843 256 secunda
870 209 1068 271 ’Λνατολή
1089 214 1369 255 vclsimiliter
1387 216 1594 269 appellata

180 299 320 341 usque
352 286 403 327 ad
438 299 476 329 V.
513 287 622 340 731„
654 288 814 340 ultima,
837 288 1116 343 Acomwclcu,
1152 298 1287 340 usquc
1320 287 1371 327 ad
1396 301 1434 330 v,
1469 289 1591 330 1153.

180 359 462 414 pertinebant.
513 359 752 401 Posteriore
784 363 924 400 autem
949 362 1137 412 tempore
1171 363 1216 399 ut
1247 358 1427 399 arbitror
1459 361 1594 412 prima

181 436 221 474 et
252 432 383 474 altera
416 446 526 487 pars,
573 445 682 487 quae
715 433 847 472 artius
879 432 990 472 inter
1023 444 1067 472 so
1100 431 1335 483 cohaerent,
1368 444 1517 472 rursus
1551 433 1591 471 in

181 519 315 547 unum
377 506 705 560 comprehensae
761 509 863 546 sunt
912 508 1078 545 servato
1125 504 1297 545 nomine
1335 501 1593 557 φαινόμενα,

182 580 331 620 ultima
363 588 504 620 autem
537 591 649 633 pars,
689 579 813 618 cuius
845 580 1145 631 argumentum
1179 589 1279 617 cum
1313 576 1480 617 duabus
1513 578 1593 630 pri-

181 651 327 693 oribus
346 653 487 692 minus
511 652 792 692 coniunctum
813 654 854 691 et
883 650 966 691 levi
991 653 1154 690 tantum
1180 650 1360 690 transitu
1378 662 1594 690 conexum

181 729 256 778 est,
288 728 449 767 secreta
481 727 555 775 est,
586 724 644 764 ita
676 727 724 764 ut
755 723 970 777 singulare
1004 735 1175 764 carmen
1198 723 1396 776 imposito
1420 723 1594 763 nomine

181 799 447 854 Διοσημεῖαι
496 797 733 837 haberetur.
812 795 1073 848 Ciceronem,
1121 799 1169 837 ut
1207 794 1508 836 Germanicum
1557 799 1596 836 et

181 871 413 922 Avienum,
435 870 519 911 duo
537 871 646 911 inter
673 882 716 911 se
741 870 909 911 diversa
932 870 1120 910 carmina
1143 868 1406 909 intellexisse
1425 873 1596 922 apparet

180 956 235 985 ex
268 957 328 998 ep.
365 944 415 984 ad
449 945 535 985 Att.
569 943 625 983 Π.
663 943 697 983 1.
734 942 798 983 11.
832 942 1122 996 ,Prognostica
1153 954 1247 983 mea
1279 954 1377 982 cum
1407 942 1595 982 oratiun-

180 1017 288 1057 culis
333 1017 576 1070 propediem
620 1016 847 1070 exspecta&
911 1015 1076 1057 Nomen
1122 1018 1265 1056 autem
1316 1016 1595 1071 Διοσημεῖαι,

181 1103 281 1130 011111
314 1089 487 1131 arbitrio
505 1090 882 1143 grammaticorum
903 1092 1048 1129 natum
1068 1089 1132 1139 sit,
1156 1087 1280 1128 facile
1297 1086 1389 1128 fieri
1407 1088 1596 1142 potuisse

183 1164 285 1204 mihi
318 1163 501 1216 videtur,
534 1166 581 1203 ut
614 1162 695 1202 alio
729 1161 851 1202 titulo
880 1161 971 1201 1000
995 1173 1074 1201 suo
1098 1162 1352 1200 moveretur.
1401 1160 1592 1201 Primum

180 1237 409 1290 vestigium
456 1236 556 1276 novi
604 1235 788 1276 nominis
835 1232 1139 1286 ‚Prognostica‘
1188 1233 1374 1273 occurrit
1416 1234 1460 1272 in
1511 1234 1597 1273 vita

181 1309 363 1363 quadam
397 1308 520 1349 Arati
552 1307 882 1363 (Westermann‚
928 1301 1173 1362 Βιόγραφοι
1219 1319 1259 1359 p.
1310 1306 1377 1347 56.
1412 1305 1491 1347 sub
1522 1306 1595 1346 fin.

185 1400 233 1417 =
270 1382 384 1422 Arat.
417 1382 483 1423 ed.
515 1381 656 1422 Buhle
688 1394 726 1421 v,
758 1380 812 1421 Π.
845 1394 884 1434 p.
918 1377 1053 1434 443),
1097 1378 1173 1419 ubi
1206 1379 1257 1419 de
1289 1378 1427 1419 tribus
1459 1378 1595 1420 Phae-

179 1467 461 1496 nomenorum
493 1454 684 1509 partibus
717 1454 879 1494 dictum
913 1456 992 1494 est:
1026 1449 1132 1503 ,ἔστι
1166 1449 1213 1493 δὲ
1244 1452 1404 1507 τριχῶς
1440 1455 1594 1493 Φαινο-

179 1529 318 1582 μένων
364 1523 495 1570 αἰτοῖ
537 1523 838 1583 πραγματεία·
901 1526 1240 1580 καταστέρωσις,
1290 1521 1366 1565 καὶ
1414 1538 1595 1565 συνανα-

182 1598 415 1643 τελλὸντων
468 1599 542 1642 καὶ
597 1597 877 1651 συνόυόντων,
930 1596 1006 1640 καὶ
1058 1612 1210 1652 προγ
1229 1593 1405 1638 νώσει
1424 1613 1444 1646 ς
1497 1592 1595 1638 διὰ

183 1669 471 1730 σημείωνὲ

325 1819 621 1860 phaenomena
668 1817 877 1859 convertit
919 1816 1063 1857 Cicero
1101 1817 1185 1856 iam
1234 1814 1594 1865 adulescentulus,

182 1893 229 1932 ut
258 1892 348 1946 ipse
381 1891 572 1944 affirmat,
605 1891 657 1932 cf.
691 1891 742 1932 de
775 1894 860 1932 nat.
895 1890 1008 1931 deor.
1039 1889 1094 1930 Π.
1119 1889 1188 1931 41.
1217 1889 1312 1931 104.
1347 1890 1488 1942 ,atque
1515 1888 1593 1928 1100

181 1962 272 2003 1000
306 1976 371 2004 me
403 1965 589 2016 intuens,
635 1968 743 2017 utar,
786 1964 938 2017 inquit,
975 1961 1238 2003 carminibus
1270 1961 1452 2014 Arateis,
1485 1973 1593 2014 quae

183 2048 207 2075 a
239 2040 279 2077 te
327 2037 553 2078 admodum
602 2036 919 2078 adulescentulo
953 2048 1159 2076 conversa
1189 2035 1248 2075 ita
1279 2046 1347 2074 me
1371 2032 1593 2086 delectant,

184 2112 229 2148 ut
260 2110 395 2151 multa
426 2123 482 2150 ex
511 2111 564 2152 iis
596 2111 801 2151 memoria
831 2107 1023 2150 teneam.c
1070 2107 1122 2148 In
1154 2107 1442 2148 adulescentia
1466 2106 1593 2147 Phae-

183 2194 366 2223 nomena
413 2183 536 2224 illum
587 2185 808 2238 scripsisse
857 2186 1073 2237 praeterea
1121 2183 1334 2221 testantur
1379 2178 1494 2219 haud
1535 2179 1594 2218 ita

180 2257 308 2309 pauci
354 2257 579 2297 archaismi
621 2268 700 2297 nec
742 2257 886 2297 minus
925 2256 1068 2296 variae
1113 2253 1307 2294 dictionis
1345 2253 1593 2306 asperitates

181 2329 553 2383 negligentiaeque
600 2332 641 2370 et
672 2329 853 2370 leviores
884 2329 1188 2383 gravioresque
1226 2338 1400 2378 errores,
1433 2324 1592 2379 quibus

181 2402 233 2444 de
278 2403 425 2456 rebus,
473 2406 520 2443 ut
565 2403 615 2443 de
661 2403 824 2444 ratione
863 2415 993 2457 quam
1029 2401 1074 2440 in
1112 2398 1404 2440 transferendo
1448 2397 1593 2438 Cicero

182 2481 354 2517 secutus
386 2479 460 2527 est,
490 2476 537 2516 in
569 2475 701 2516 altera
722 2476 850 2516 huius
869 2472 1267 2515 dissertatiunculae
1284 2474 1400 2525 parte
1419 2474 1593 2511 acturus

181 2561 290 2591 sum.
381 2547 466 2589 Hic
532 2548 742 2589 nonnulla
797 2550 965 2589 tantum
1032 2545 1227 2599 exempla
1299 2543 1593 2597 indiligentiae

180 2633 462 2676 errorumque
514 2633 765 2662 enumerare
810 2620 933 2660 mihi·
961 2619 1098 2672 liceat,
1150 2631 1173 2660 e
1230 2616 1389 2672 quibus
1443 2616 1591 2670 quanti
