1813 2972
842 122 896 163 41

166 240 315 286 scribis
360 240 541 295 gaudeo.
606 239 726 290 Quod
767 252 834 281 me
867 239 1070 281 admones
1112 239 1163 281 de
1200 243 1343 281 nostra
1376 240 1579 296 Urania*)

95 319 102 351 ί
167 314 408 368 suadesque
440 316 488 354 ut
509 314 778 354 meminerim
799 311 920 353 Jovis
942 312 1177 353 orationem
1203 324 1311 366 quae
1344 318 1407 354 est
1438 315 1481 354 in
1505 328 1581 356 ex-

165 391 298 429 tremo
315 386 388 427 illo
404 385 532 427 libro:
558 398 636 440 ego
663 397 764 426 vero
782 384 957 426 memini
975 387 1016 425 et
1042 382 1115 423 illa
1145 383 1289 423 omnia
1313 385 1417 425 mihi
1446 388 1581 440 magis

94 508 106 515 ,
166 459 317 514 scripsi
349 472 476 513 quam
511 457 687 500 ceteris}
735 455 898 499 Eodem
930 459 1118 510 spectare
1140 455 1340 497 videntur
1360 456 1462 499 ibid.
1497 457 1580 511 §a

164 533 213 587 ,si
252 531 492 589 perficiunt,
538 531 706 586 optime.
767 529 844 571 Sin
890 530 1051 570 miuus:
1093 529 1144 570 ad
1193 534 1390 571 nostrum
1427 529 1579 572 Jovem

164 604 458 648 revertemur.t
535 603 730 645 Carmine
773 603 862 656 jam
910 602 1095 656 perfecto
1146 603 1191 643 in
1243 603 1430 644 secundo
1473 603 1581 644 libro

166 677 311 720 Cicero
358 677 594 733 episodium
642 677 910 730 interponere
956 677 1001 716 iu
1049 677 1190 717 animo
1237 675 1446 729 habebat,
1498 689 1582 731 quo

165 751 315 806 Apollo
350 751 396 791 in
427 762 633 792 consessu
680 750 855 790 deorum
888 750 1202 801 vaticinaretur,
1258 749 1396 803 qualis
1429 749 1582 790 Gabini

166 827 207 865 et
237 823 419 877 Pisonis,
459 823 766 864 invidiosorum
809 822 977 863 illorum
1012 821 1207 864 Ciceroni
1238 822 1472 872 hominum,
1519 835 1583 863 re-

137 885 279 938 ‘ditus
311 909 364 938 ex
396 897 626 950 provinciis
647 895 821 936 futurus
847 898 968 947 esset,
1001 895 1051 936 cf.
1085 895 1137 936 ad
1172 893 1217 944 Q.
1253 895 1303 938 fr.
1335 894 1417 936 III.
1454 895 1488 936 1.
1513 896 1580 937 23.

165 970 223 1023 (a.
259 967 366 1024 54.):
407 970 560 1024 ,itaque
592 968 821 1009 mirificum
858 965 1062 1022 ἐμβόλων
1093 969 1229 1022 cogito
1261 969 1307 1009 in
1339 967 1583 1010 secundum

164 1055 358 1084 meorum
391 1041 596 1083 librorum
627 1041 859 1094 includere,
890 1041 1098 1082 dicentem
1132 1040 1375 1095 Apollinem
1406 1042 1449 1082 in
1483 1054 1582 1082 con-

166 1115 262 1156 cilio
285 1115 475 1167 deorum,
505 1114 644 1168 qualis
675 1113 836 1155 reditus
858 1113 1041 1154 duorum
1073 1114 1377 1168 imperatorum
1409 1114 1583 1156 futurus

0 1213 18 1250 :⁹
168 1192 289 1240 esset,
335 1199 513 1241 quorum
563 1187 668 1227 alter
714 1187 949 1227 exercitum
981 1186 1244 1240 perdidisset,
1291 1187 1397 1228 alter
1433 1188 1583 1228 vendi-

0 1270 15 1343 ἰ
168 1259 325 1302 (Πεεθϊ.ς
389 1258 597 1300 Gabinius
629 1259 756 1308 enim,
805 1259 880 1313 qui
912 1258 1079 1311 Syriam
1112 1259 1376 1313 provinciam
1409 1261 1583 1301 sortitus

0 1335 26 1383 ι]
166 1336 267 1385 erat,
299 1332 445 1373 decem
478 1331 654 1373 milibus
677 1331 885 1373 talentum
917 1332 1100 1386 acceptis
1133 1345 1167 1373 a.
1196 1333 1263 1372 55.
1290 1332 1581 1374 Ptolemaeum

166 1404 367 1447 Auletam
399 1405 592 1444 exercitu
639 1404 804 1445 adiuvit
840 1406 974 1459 inque
1020 1418 1200 1459 regnum
1244 1405 1440 1457 restituit,
1490 1404 1584 1446 Cal·

164 1478 292 1532 purni
338 1482 480 1519 autem
516 1476 683 1517 Pisonis
728 1478 879 1518 inertia
911 1481 1038 1532 atque
1077 1477 1269 1519 socordia
1313 1477 1472 1519 factum
1509 1482 1583 1531 est,

164 1553 214 1589 ut
258 1549 303 1589 in
334 1547 627 1590 Macedoniam
660 1552 935 1604 provinciam,
982 1563 1091 1604 quae
1123 1552 1162 1592 ei
1194 1550 1413 1605 obtigerat,
1454 1551 1583 1592 Thra-

165 1633 266 1662 cum
296 1626 444 1676 gentes
476 1635 520 1663 se
553 1622 819 1664 effunderent
851 1625 1174 1677 exercitumque
1205 1622 1448 1665 Romanum
1482 1637 1583 1665 con-

164 1693 349 1736 ficerent.

306 1780 560 1836 Fragmenta
601 1794 656 1823 ex
689 1783 875 1823 carmine
922 1782 985 1835 ,de
1032 1783 1296 1837 temporibus
1343 1783 1462 1824 meis‘
1497 1796 1583 1825 non

166 1856 336 1894 exstant
366 1857 534 1908 praeter
563 1868 700 1897 unum
733 1856 909 1896 fortasse
940 1855 1063 1896 illum
1095 1868 1268 1897 versum

378 1941 414 1982 ,o
446 1927 715 1983 fortunatam,
747 1934 889 1970 natam
921 1941 989 1970 me
1021 1929 1198 1970 consule
1229 1928 1438 1979 Romam,‘

167 2001 242 2054 qui
271 2013 359 2042 non
390 2003 535 2042 minus
580 2006 693 2043 recte
723 2003 788 2043 illi
831 2002 1015 2056 poemati
1048 2001 1098 2042 de
1131 2001 1359 2043 consulatu
1399 2001 1584 2043 adscribi

164 2075 312 2126 potest,
345 2085 445 2115 cum
465 2087 680 2128 nusquam
704 2076 747 2116 in
776 2078 870 2116 utro
897 2075 1084 2115 carmine
1107 2075 1274 2129 positus
1302 2075 1432 2116 fuerit
1453 2074 1584 2129 signi-

164 2142 329 2187 ficetur.
391 2145 442 2187 In
488 2147 603 2188 hunc
633 2161 809 2190 versum
846 2150 1013 2201 praeter
1051 2147 1354 2201 cacophoniam
1387 2147 1584 2188 homoeo-

165 2217 325 2269 teleuti‚
373 2232 501 2272 quam
534 2219 825 2269 Quintilianus
871 2222 971 2262 inst.
1006 2224 1108 2262 orat.
1141 2218 1221 2262 IX.
1254 2221 1294 2262 4.
1330 2221 1398 2261 41.
1445 2233 1585 2275 repre-

164 2289 325 2344 hendit,
370 2292 603 2334 adversarii
633 2307 720 2336 non
760 2294 905 2334 minus
938 2306 1067 2347 quam
1113 2294 1160 2333 in
1191 2293 1313 2334 illum
1347 2306 1402 2335 ex
1433 2306 1584 2335 consu-

165 2361 255 2403 latu
291 2368 464 2418 propter
500 2368 785 2421 arrogantiam
817 2366 1033 2407 Ciceronis
1080 2366 1241 2406 invecti
1272 2369 1382 2407 sunt.
1446 2365 1585 2407 Cavil-

165 2433 280 2476 latur
315 2436 389 2478 illa
434 2438 564 2480 verba
602 2438 630 2480 J
636 2440 830 2481 uvenalis
868 2439 924 2482 X.
958 2438 1054 2479 114.
1099 2451 1192 2492 sqq.
1225 2442 1266 2480 et
1303 2439 1483 2493 scriptor
1520 2439 1585 2479 in-

164 2508 356 2550 vectivae
393 2509 493 2553 Sall.
539 2512 584 2551 in
633 2510 717 2554 Cic.
757 2513 795 2555 3.
846 2513 904 2565 5.,
944 2511 1064 2552 affert
1099 2514 1317 2565 praeterea
1355 2510 1584 2553 Diomedes

259 2663 292 2708 *)
299 2665 390 2700 codd
403 2665 535 2702 habent
544 2666 602 2712 ,de
610 2677 679 2703 non
689 2666 874 2702 curantia.‘
885 2668 1017 2709 ,nostra
1025 2666 1173 2702 Urania‘
1182 2668 1235 2702 est
1245 2668 1385 2702 vetusta
1395 2666 1579 2702 correctio.
