1813 2972
0 0 45 89 *⁷⁴*

4 150 28 222 ''r'‘

821 60 875 100 33

145 189 296 218 versus
344 175 598 232 attule1·at.*)
677 176 870 218 Ceterum
920 176 957 216 ei
1002 175 1081 215 hoc
1130 173 1221 213 loco
1269 179 1365 215 ante
1414 175 1559 216 oculos

146 253 313 291 versata
346 261 436 290 esse
470 250 571 290 mihi
606 250 809 290 videntur
840 248 912 288 illa
944 260 999 288 ex
1032 248 1189 287 invect.
1212 244 1379 286 Sallust.
1413 248 1454 286 in
1476 246 1559 288 Cic.

95 351 101 356 -
146 321 242 378 (IV.
278 322 351 374 7.),
383 335 493 376 quae
512 335 642 376 supra
665 321 799 375 posita
815 322 933 361 sunt':
968 332 1068 359 nain
1100 331 1184 358 non
1219 318 1356 358 solum
1389 319 1558 359 caedem

144 408 226 444 res,
259 395 333 436 sed
366 396 490 436 etiam
524 407 657 449 paene
690 393 836 434 eadem
869 390 997 432 verba
1036 394 1278 432 occurrunt.
1343 389 1562 430 Declama-

145 469 301 509 tionem
350 471 494 509 autem
541 467 656 508 illam
703 478 728 506 a
767 463 1035 513 Quintiliano
1077 463 1263 504 habitam
1298 475 1391 504 esse
1425 461 1562 503 Sallu-

146 541 324 582 stianam
361 543 532 595 apparet
563 552 618 580 ex
651 539 747 579 inst.
781 540 883 578 orat.
908 536 986 577 IV.
1026 537 1060 577 1.
1094 536 1167 587 68;
1202 535 1279 577 IX.
1316 537 1354 576 3.
1391 534 1458 576 89.

286 612 481 655 Secundo
512 613 556 652 in
590 610 697 651 libro
731 609 891 651 Urania
938 608 1062 650 Musa
1111 609 1180 664 (cf.
1220 609 1271 649 116
1311 609 1392 648 div.
1425 608 1459 649 Ι.
1496 609 1559 648 11.

147 686 330 727 17-13.
364 686 436 735 22;
470 684 571 726 ibid.
604 684 660 724 II.
695 684 763 725 20.
799 684 875 736 45;
922 681 1111 723 Lactant.
1153 682 1284 722 instit.
1318 681 1448 722 divin.
1481 682 1561 722 HI.

146 759 215 800 17.
257 759 322 800 12.
364 757 474 812 sqq.)
523 758 712 811 longiore
761 757 963 805 oratione,
1013 767 1120 808 quae
1168 755 1395 809 praecipue
1438 755 1560 794 initio

144 831 316 873 condita
347 836 437 872 erat
469 830 762 884 philosophica
795 829 1016 884 sapientia,
1051 826 1294 868 Ciceronem
1328 827 1563 880 admonuit,

144 886 350 959 prodigia,
409 916 518 957 quae
573 904 816 944 atrocitates
871 917 907 945 a.
958 902 1028 942 63.
1075 901 1242 941 futuras
1288 900 1562 953 indicassent,

145 978 310 1019 exitum
341 977 557 1018 habuisse.
622 975 756 1028 Falso,
791 980 835 1016 ut
863 987 917 1016 ex
945 974 1049 1027 ipsis
1073 973 1270 1015 versibus
1291 977 1417 1027 patet,
1451 972 1562 1014 arbi-

147 1054 285 1092 tratur
322 1049 545 1091 Heusdius
585 1050 626 1101 (l.
659 1062 693 1090 c.
728 1062 766 1103 p.
811 1049 878 1089 54.
912 1045 1010 1102 sq.)‚
1063 1047 1266 1088 Uraniam
1312 1045 1561 1100 explicasse,

145 1122 304 1178 quibus
335 1123 543 1177 prodigiis
575 1134 644 1162 res
674 1121 846 1162 futurae
875 1121 1189 1171 nuntiarentur,
1223 1132 1309 1160 non
1337 1131 1406 1160 res
1427 1119 1562 1160 factae

143 1196 363 1237 nuntiatae
395 1197 546 1236 essent.

285 1267 338 1308 In
370 1268 493 1308 tertio
524 1266 632 1307 libro
671 1265 819 1321 ibique
856 1267 901 1307 in
942 1265 1076 1317 exitu,
1124 1267 1173 1305 ut
1218 1264 1451 1305 verisimile
1498 1267 1562 1306 est

143 1338 212 1397 (cf.
245 1353 375 1394 supra
422 1353 461 1394 p.
495 1338 592 1391 31.),
640 1337 826 1393 Calliope
873 1337 1120 1379 Ciceronem
1167 1337 1330 1378 hortata
1377 1340 1440 1378 est
1486 1337 1560 1390 (ef.

143 1413 206 1455 ad.
241 1414 329 1455 Att.
364 1412 420 1454 II.
456 1413 491 1453 3.
526 1412 596 1464 8.),
635 1415 679 1452 ut
724 1411 873 1452 eadem
904 1413 985 1462 via,
1026 1423 1154 1464 quam
1196 1410 1280 1450 iam
1327 1409 1380 1450 ab
1418 1409 1562 1451 adule-

142 1487 304 1528 scentia
334 1487 486 1526 initam
516 1486 562 1526 in
585 1484 811 1525 consulatu
831 1495 1062 1538 progessus
1088 1486 1210 1536 esset,
1231 1486 1368 1524 cetera
1390 1496 1562 1538 quoque

143 1562 277 1601 aetate
307 1570 448 1613 usque
481 1557 534 1598 ad
566 1558 676 1597 vitae
707 1556 837 1597 finem
867 1560 1074 1610 pergeret.

286 1630 369 1680 Qui
400 1631 482 1671 loci
513 1633 731 1685 praeterea
762 1642 857 1671 mea
905 1629 1079 1683 quidem
1126 1629 1335 1670 sententia
1382 1629 1435 1670 ad
1481 1629 1562 1670 hoc

144 1716 312 1745 carmen
357 1706 560 1757 spectent,
598 1716 695 1744 cum
734 1703 817 1744 viri
855 1702 968 1743 docti
1006 1702 1057 1743 de
1093 1702 1326 1756 nonnullis,
1364 1716 1450 1757 quo
1495 1716 1560 1744 re-

147 1777 325 1817 vocandi
373 1777 477 1831 sint,
521 1778 632 1817 inter
687 1788 731 1817 se
786 1774 1022 1828 discedant,
1075 1774 1260 1815 breviter
1312 1788 1561 1817 enumerare

141 1850 247 1891 mihi
278 1850 414 1892 liceat.
1167 1840 1170 1841 ⁷

284 1925 394 1967 Non.
412 1937 452 1978 p.
487 1923 583 1963 202.
618 1922 686 1963 22.
723 1919 918 1974 ,census³,
943 1922 1112 1975 generis
1145 1921 1385 1974 masculini,
1417 1922 1559 1962 neutri

145 1998 292 2040 Cicero
316 1999 363 2039 in
387 1996 616 2039 consulatu
647 2007 745 2036 suo:

203 2083 402 2126 ,quorum
432 2070 628 2110 luxuries
655 2067 687 2123 ’ἱ-
707 2066 983 2120 fortunata**)
1017 2079 1144 2108 censa
1173 2065 1366 2121 peperit}

283 2143 395 2185 Non.
421 2156 459 2198 p.
491 2142 590 2183 204.
625 2143 663 2182 8.
725 2141 856 2195 ,Idem
888 2140 1137 2181 consulatus
1169 2140 1237 2181 sui
1273 2139 1345 2181 lib.
1382 2139 1438 2180 Π.

204 2220 344 2272 ,atque
377 2217 520 2257 animo
551 2214 743 2269 pendens
775 2214 806 2269 -ξ-
837 2216 967 2254 noctu
988 2211 1080 2267 ***)
1113 2216 1267 2254 eventa
1296 2211 1498 2254 timebat}

285 2347 320 2394 *)
343 2348 438 2382 idem
462 2346 744 2391 respondendum
783 2346 837 2380 est
861 2343 1080 2389 Spaldingio‚
1108 2342 1168 2387 qui
1193 2342 1260 2387 (ed.
1289 2341 1437 2385 Quintil.
1464 2343 1510 2377 ad
1532 2343 1557 2378 1.

145 2410 189 2451 c.)
214 2409 373 2452 miratur,
412 2419 472 2444 cur
503 2406 753 2452 Quintih‘anus,
778 2407 968 2451 postquam
1005 2404 1104 2439 brevi
1145 2405 1227 2438 ante
1252 2403 1342 2437 duos
1367 2413 1489 2438 versus
1514 2403 1560 2437 ad

143 2471 291 2506 verbum
314 2469 483 2516 posuerit,
508 2468 628 2503 subito
654 2478 760 2513 prosa
783 2477 948 2502 versuum
974 2466 1224 2510 argumentum
1247 2464 1384 2499 reddat.

263 2530 321 2575 **)
347 2530 616 2574 Quioheratius:
645 2529 832 2572 ‚fortunam
859 2529 895 2562 et
918 2537 1026 2562 censa
1048 2526 1210 2571 peredit.‘

239 2590 321 2636 ***)
346 2591 487 2627 Iunius:
515 2590 723 2636 ,nocturna‘.
