1813 2972
900 97 954 136 20

222 214 424 268 scriptum
458 226 562 267 esse,
607 215 859 268 priusquam
891 212 1052 254 Marius
1095 213 1301 256 rediisset.
1359 214 1496 264 Quam
1535 229 1631 257 sen-

222 288 398 328 tentiam
438 285 589 327 falsam
636 299 739 339 esse,
782 285 979 340 pluribus
1027 286 1239 339 explica-re
1281 300 1368 328 non
1402 301 1508 342 opus
1541 301 1632 330 esse

221 362 341 413 puto,
391 360 427 401 si
462 360 628 413 integro
677 372 775 399 cum
813 359 971 399 iudicio
1004 358 1056 398 ad
1088 371 1177 398 rem
1211 359 1463 414 accedimus,
1494 362 1633 401 mani·

221 431 373 473 festum
419 444 441 472 e
487 444 533 472 re
570 432 661 485 ipsa
694 444 786 472 esse
819 431 1010 483 arbitror,
1044 431 1271 484 augurium
1304 436 1399 484 post
1430 437 1631 474 eventum

219 504 544 558 intelligendum
578 516 680 544 esse.

361 576 453 616 Iam
498 576 728 629 quaeritur,
775 578 919 615 utrum
953 576 1127 616 omnino
1160 576 1284 616 etiam
1319 576 1632 618 adulescentiae

222 661 278 687 au
323 649 547 701 posteriori
595 649 721 688 aetati
754 646 969 688 Ciceronis
1016 661 1185 689 carmen
1227 650 1280 689 sit
1313 649 1631 702 assignandum.

220 719 271 760 ln
316 720 395 759 hac
444 721 692 774 quaestione
735 720 816 758 viri
864 719 974 759 docti
1017 720 1228 774 proficisci
1277 722 1414 762 solent
1458 734 1512 762 ex
1558 722 1632 762 illo

223 792 449 834 Scaevolae
479 794 524 833 in
549 792 764 833 Ciceronis
786 790 970 832 Marium
994 793 1306 845 epigrammate,
1338 795 1460 834 cuius
1482 807 1634 836 versus

222 878 337 905 unus
376 865 426 905 de
457 865 566 918 legg.
598 864 631 904 Ι.
671 864 706 904 1.
740 865 776 904 2.
810 863 1000 904 affertur:
1046 877 1196 919 ,eaque
1230 867 1303 919 (sc.
1338 868 1554 920 quercus),
1589 870 1633 907 ut

222 938 279 977 ait
311 936 515 977 Scaevola
548 937 598 977 de
631 937 772 977 fratris
805 937 889 977 mei
921 936 1073 976 Mario:

435 1013 640 1062 ,canescet
672 1009 821 1050 saeclis
854 1009 1268 1050 innumerabilibus}

363 1082 523 1124 Bakius
558 1082 729 1137 quidem
764 1083 841 1134 (ed.
879 1082 962 1123 Cic.
998 1083 1050 1123 de
1082 1083 1188 1136 legg.
1219 1082 1353 1137 Lugd.
1377 1083 1467 1124 Bat.
1504 1085 1630 1124 1842.

222 1168 259 1208 p.
296 1154 394 1196 267.
429 1156 540 1209 sqq.)
573 1156 800 1207 existimat,
833 1156 954 1196 illum
988 1169 1072 1196 non
1106 1157 1152 1195 in
1185 1155 1425 1196 confectum
1461 1168 1633 1196 carmen

224 1229 484 1282 epigramma
516 1229 819 1282 composuisse,
852 1227 925 1268 sed
957 1229 1003 1268 in
1035 1229 1220 1269 carmine
1251 1230 1342 1282 ipso
1375 1242 1397 1268 a
1431 1227 1633 1269 Cicerone

222 1301 294 1340 illa
325 1300 455 1341 verba
488 1300 538 1341 de
571 1314 730 1354 quercu
764 1301 972 1341 dicentem
1003 1301 1163 1357 factum
1206 1314 1308 1342 esse.
1370 1300 1454 1342 Sed
1487 1301 1633 1355 effugit

224 1374 365 1413 virum
398 1373 580 1426 doctum,
611 1373 695 1413 illis
731 1372 869 1414 verbis
901 1376 1212 1427 pentametrum
1244 1374 1419 1426 includi,
1460 1386 1631 1414 carmen

225 1449 368 1486 autem
400 1445 541 1499 ipsum
579 1446 840 1496 hexametris
877 1446 1166 1499 conscriptum
1202 1446 1347 1488 fuisse.
1410 1446 1633 1487 Praeterea

224 1517 438 1569 ,Scaevola
470 1519 527 1559 ait
559 1519 615 1559 de
647 1518 790 1560 fratris
822 1519 906 1559 mei
939 1518 1086 1559 Mario<
1127 1532 1212 1559 non
1252 1519 1365 1560 idem
1409 1523 1472 1560 est
1503 1523 1632 1572 atque

225 1590 438 1636 ,Scaevola
488 1591 547 1631 ait
586 1592 629 1631 in
662 1590 805 1632 fratris
849 1592 932 1632 mei
979 1591 1137 1632 Mario}
1200 1591 1353 1646 Neque
1401 1593 1540 1644 etiam,
1587 1596 1634 1632 ut

225 1662 387 1703 Bakius
419 1666 553 1717 putat,
589 1667 797 1715 ,canescet
841 1664 990 1704 saeclis
1027 1664 1427 1705 innumerabilibus‘
1463 1664 1513 1705 de
1546 1677 1636 1704 car-

226 1737 339 1776 mine
373 1736 533 1776 dictum
565 1736 777 1777 offendere
809 1741 964 1791 potest3
1014 1737 1063 1778 cf.
1097 1737 1152 1778 M.
1187 1737 1347 1791 Haupt.
1387 1750 1497 1791 opss.
1529 1751 1570 1778 v,
1602 1736 1634 1778 I.

225 1823 261 1863 p.
297 1809 392 1849 213.
425 1822 500 1862 sq.,
544 1808 618 1849 ubi
649 1809 846 1862 pluribus
878 1810 987 1850 Baki
1031 1811 1284 1851 sententiam
1331 1810 1495 1851 refellit.
1528 1809 1636 1850 Mire

227 1882 537 1935 quodammodo
569 1885 666 1935 post
709 1882 824 1922 illam
857 1882 1017 1937 Haupti
1063 1883 1481 1924 dissertatiunculam
1525 1882 1636 1923 Mes-

227 1955 357 1995 nilius
399 1954 478 2008 (ed.
528 1953 614 1996 Cic.
649 1954 699 1995 de
731 1954 838 2008 legg.
884 1954 996 2009 Lips.
1034 1957 1175 2008 1879.)
1219 1956 1358 1996 denuo
1391 1955 1499 1996 Baki
1542 1968 1638 1996 sen-

227 2028 403 2068 tentiam
433 2027 584 2067 fulcire
617 2031 792 2067 conatus
831 2029 893 2067 est
931 2027 1223 2080 compluribus
1262 2030 1396 2080 novis,
1444 2028 1518 2068 sed
1550 2040 1636 2068 non

229 2101 370 2141 minus
396 2098 750 2153 improbabilibus
783 2101 922 2140 causis
954 2100 1142 2142 adiectis.
1195 2101 1368 2142 Certum
1399 2101 1530 2155 igitur
1562 2104 1639 2154 est,

229 2172 473 2214 Scaevolam
521 2173 777 2225 epigramma
825 2171 1040 2214 Ciceronis
1086 2174 1131 2213 in
1180 2173 1414 2227 Marium,
1458 2186 1544 2214 non
1590 2174 1636 2212 in

229 2244 386 2285 Mario
419 2244 670 2285 condidisse.

371 2315 666 2358 Controversia
712 2321 853 2358 autem
899 2318 1010 2358 inter
1055 2319 1170 2360 viros
1218 2319 1362 2360 doctos
1403 2317 1638 2370 intercedit,

230 2401 356 2442 quem
390 2388 632 2430 Scaevolam
680 2394 803 2444 poeta
848 2390 892 2430 in
939 2395 1081 2432 mente
1127 2391 1332 2432 habuerit.
1401 2390 1639 2443 Turnebus,

229 2461 420 2503 Nobbius
458 2461 498 2507 (1,
531 2475 563 2502 c.
595 2475 633 2515 p.
668 2461 829 2517 1048),
860 2463 1080 2505 Heusdius
1113 2464 1156 2518 (l.
1187 2477 1222 2506 e.
1253 2477 1292 2518 p.
1324 2462 1416 2514 45.)
1461 2462 1507 2512 Q.
1544 2462 1637 2503 Mu-

230 2536 344 2576 cium
367 2535 611 2576 Scaevolam
634 2534 878 2588 pontificem
902 2537 1187 2591 intelligentes
1218 2537 1264 2577 in
1286 2536 1501 2578 Ciceronis
1534 2535 1637 2577 adu-

232 2609 431 2650 lescentia
473 2610 569 2649 ante
612 2621 646 2649 a.
682 2608 765 2662 82„
798 2622 881 2662 quo
926 2609 998 2650 ille
1041 2612 1237 2651 mortuus
1277 2612 1349 2663 est,
1395 2622 1547 2651 versus
1587 2609 1639 2650 de

1764 510 1781 552 w·
1754 240 1787 491 rzusswfl‘fm
1780 252 1790 284 a·
1755 200 1777 237 ²2

1756 63 1777 95 :3-

1750 99 1774 193 ,Shwg
