1813 2972
843 105 898 145 25

163 224 413 281 praesertim
445 223 696 276 pronomine
729 221 835 272 ‚isto'
870 221 1049 274 adiecto,
1085 220 1209 262 illum
1253 223 1393 275 ipsum
1426 235 1576 275 poema

165 297 478 339 adulescentiae
510 307 613 336 suae
645 294 890 336 attribuere.
959 293 1069 334 Nam
1113 305 1206 334 meo
1240 294 1412 347 quidem
1445 308 1575 335 sensu

163 370 398 412 maturiore
431 373 567 409 aetate
600 369 634 408 si
668 367 849 407 Marium
881 365 1131 418 scripsisset,
1166 377 1307 419 neque
1339 367 1573 420 periculum

164 442 358 483 nondum
391 441 654 482 elaboratum
686 439 731 479 in
764 437 917 491 volgus
962 437 1176 490 edidisset,
1222 450 1374 492 neque,
1419 440 1453 478 si
1487 452 1576 491 per-

165 515 342 570 politum
377 515 696 565 limitatumque
729 510 999 563 divolgasset,
1038 511 1288 565 appellasset
1326 511 1575 565 periculum.

165 588 301 628 Aliter
332 590 490 636 autem,
534 588 582 625 ut
624 583 728 624 mihi
772 582 950 633 videtur,
996 596 1062 624 res
1109 597 1153 625 sc
1197 584 1336 635 habet,
1381 583 1493 637 quod
1527 583 1577 623 de

165 661 353 701 carmine
390 661 434 700 in
478 657 765 698 adulescentia
812 664 902 696 orto
951 655 1158 697 vocabulo
1204 657 1382 710 periculi
1427 658 1576 698 utitur.

166 732 315 787 Itaque
352 743 428 785 ego
483 729 652 783 quidem
696 729 747 769 ad
793 730 1045 770 senteutiam
1088 729 1260 781 inclino,
1302 742 1474 770 carmen
1524 729 1575 769 ab

166 805 436 847 adulescente
469 802 673 843 Cicerone
705 802 922 842 conditum
956 814 1060 843 esse-

135 889 160 916 ·
311 874 404 925 Quo
449 880 589 916 autem
638 887 748 915 anno
797 875 1021 928 scripserit,
1058 876 1300 915 accuratius
1354 872 1578 915 diiudicari

164 961 250 990 non
294 953 444 1003 potest,
491 948 564 989 sed
608 948 873 1002 generaliter,
927 953 973 988 ut
1011 948 1115 988 mihi
1154 948 1332 999 videtur,
1385 948 1421 988 si
1453 947 1578 988 modo

165 1023 332 1076 scripsit
363 1022 626 1073 adulescens,
650 1022 834 1075 spatium
858 1022 968 1061 inter
999 1033 1036 1061 a.
1073 1020 1140 1061 86.
1175 1026 1216 1061 et
1248 1021 1330 1073 83„
1361 1021 1389 1062 i.
1413 1032 1445 1061 e.
1468 1022 1580 1061 inter

167 1095 273 1136 Mari
320 1099 498 1136 mortem
546 1100 586 1135 et
628 1093 773 1135 Sullae
811 1106 864 1134 ex
912 1093 1023 1133 bello
1073 1092 1355 1134 Mithridatico
1396 1093 1577 1134 reditum

166 1169 295 1210 statui
325 1172 474 1222 potest.
539 1166 641 1208 Post
673 1168 786 1207 enim
818 1165 1000 1206 reditum
1034 1166 1146 1206 inter
1162 1166 1432 1206 consulatum
1451 1166 1579 1206 dicta-

165 1246 394 1293 turamque
441 1241 534 1281 eius
582 1241 656 1279 vix
695 1238 840 1280 Cicero
893 1238 1077 1278 Marium
1118 1238 1303 1278 carmine
1345 1237 1579 1278 celebrasse

165 1313 380 1366 putandus
427 1318 501 1365 est,
547 1316 594 1353 ut
632 1313 715 1352 iam
749 1310 960 1352 Corradus
1006 1310 1052 1366 (l.
1091 1324 1125 1352 e.
1170 1325 1210 1365 p.
1246 1311 1342 1351 289.
1380 1329 1428 1345 =
1476 1309 1578 1352 Ern.

163 1397 205 1438 p.
239 1384 354 1436 256.)
388 1390 501 1426 recte
533 1385 703 1425 iudicat.
766 1383 878 1425 Nam
911 1385 988 1424 etsi
1019 1383 1340 1424 concedendum
1364 1388 1439 1436 est,
1463 1382 1579 1424 Cice-

164 1469 311 1498 ronem
343 1463 439 1512 post
470 1458 616 1499 Sullae
647 1457 832 1498 reditum
864 1456 1055 1498 libertate
1088 1458 1219 1497 animi
1244 1457 1426 1511 quadam
1450 1469 1579 1497 usum

165 1542 270 1583 esse,
316 1536 364 1571 ut
401 1536 575 1586 apparet
607 1543 661 1571 ex
694 1531 835 1571 causis
867 1542 942 1583 pro
976 1528 1072 1571 SeX.
1107 1529 1262 1570 Roscio
1300 1530 1507 1570 Amerino
1540 1532 1581 1570 et

165 1615 240 1656 pro
271 1604 473 1644 Arretina
520 1603 704 1658 quadam
752 1603 931 1643 muliere
975 1603 1044 1656 (of.
1084 1615 1158 1656 pro
1193 1601 1372 1643 Caecina
1419 1601 1581 1654 3397.)

166 1676 281 1729 actis,
322 1680 461 1718 tamen
507 1676 703 1718 versibus
749 1677 795 1716 in
834 1676 1126 1716 adversarium
1157 1675 1579 1716 vehementissimum

166 1749 411 1802 compositis
443 1749 607 1790 Sullam
639 1750 779 1790 acrius
811 1752 1058 1802 provocaret
1099 1760 1274 1789 necesse
1306 1750 1407 1799 erat,
1452 1759 1582 1800 quam

166 1824 213 1860 ut
244 1833 330 1861 non
361 1834 491 1875 grave
522 1822 760 1876 periculum
793 1820 964 1873 subiret,
998 1821 1111 1874 quod
1133 1833 1229 1862 eum
1254 1833 1339 1860 non
1364 1820 1582 1860 facturum

163 1892 297 1934 fuisse
339 1893 534 1936 arbitror.
568 1896 621 1935 A.
669 1895 854 1935 86-83.
894 1899 1049 1947 autem,
1088 1894 1190 1935 dum
1228 1892 1346 1934 Sulla
1385 1892 1505 1933 abest
1535 1892 1578 1932 in

168 1965 354 2019 Graecia,
392 1967 527 2008 multo
562 1969 706 2008 minus
739 1967 1016 2008 metuendum
1049 1971 1149 2008 erat,
1210 1966 1319 2007 Nam
1353 1978 1448 2020 spes
1481 1967 1583 2015 erat,

165 2038 326 2080 bellum
373 2039 708 2081 Mithridaticum
748 2041 1051 2094 gravissimum
1080 2039 1582 2093 periculosissimumque

164 2111 361 2153 futurum
407 2125 499 2154 esse
545 2119 586 2154 et
631 2113 807 2154 fortasse
856 2112 1028 2164 Sullam,
1074 2116 1122 2152 ut
1161 2115 1244 2152 tres
1281 2111 1377 2152 illos
1417 2111 1580 2165 priores

166 2184 308 2237 duces,
341 2184 539 2240 Oppium,
564 2185 770 2238 Cassium,
792 2186 1012 2240 Aquilium
1045 2197 1291 2239 oppressum
1325 2185 1390 2224 iri.
1441 2183 1580 2224 Parvo

166 2259 279 2298 enim
335 2271 435 2299 cum
495 2260 686 2300 exercitu
739 2260 782 2299 in
840 2258 1061 2300 Graeciam
1114 2258 1363 2310 transierat,
1415 2256 1581 2297 Mithri-

167 2330 284 2372 dates
331 2336 475 2372 autem
520 2331 771 2385 ingentibus
823 2333 955 2386 copiis
996 2330 1216 2372 Graeciam
1264 2329 1494 2382 obtinebat,
1541 2333 1582 2370 et

169 2404 356 2445 Athenae
404 2404 560 2445 multos
603 2417 678 2458 per
723 2416 892 2445 menses
941 2404 1136 2445 obsessae
1174 2403 1467 2455 ostendebant,
1499 2401 1581 2443 Ro-

169 2487 316 2518 manos
365 2477 560 2518 hostibus
605 2478 678 2517 vix
726 2489 850 2531 pares
897 2489 1003 2518 esse.
1084 2476 1236 2530 Neque
1283 2477 1409 2517 etiam
1449 2474 1580 2527 Sulla,

169 2547 302 2590 donec
331 2549 485 2602 aberat,
525 2549 613 2590 ullo
645 2550 770 2591 modo
804 2550 1112 2590 discordiarum
1143 2550 1254 2590 inter
1286 2549 1508 2603 optimates
1540 2552 1581 2589 et

169 2621 392 2675 populares
422 2622 777 2664 intercedentium
807 2623 1019 2676 particeps
1050 2621 1187 2663 faetus
1219 2626 1295 2663 est.
1357 2621 1423 2662 Ita
1447 2622 1581 2675 igitur
