1813 2972
893 113 917 153 2

198 231 364 269 tantum
395 228 516 270 illum
564 227 731 282 legisse,
763 232 804 269 et
840 229 954 281 inde,
1002 231 1115 283 quod
1146 234 1415 286 quorundam
1448 248 1500 277 ne
1532 250 1607 278 no-

198 301 316 341 mina
348 301 522 354 quidem
555 300 685 354 affert,
719 314 790 342 eos
813 302 986 342 omnino
1004 314 1091 342 non
1112 304 1157 344 in
1179 306 1375 348 manibus
1397 308 1607 350 habuisse.

201 372 545 414 Consentaneum
578 386 671 414 meo
706 373 879 427 quidem
912 373 1069 414 iudicio
1093 378 1167 427 est,
1190 375 1431 421 Ciceronem
1463 381 1608 423 claris—

201 446 307 486 simo
355 449 395 486 et
441 446 660 486 notissimo
714 447 871 500 cuique
917 450 1063 500 poetae
1115 446 1231 488 locos
1277 449 1604 506 deprompsisse3
1668 489 1676 494 .

200 518 299 559 inde
331 521 474 559 autem
506 531 592 558 non
627 517 823 568 efficitur,
857 521 1017 560 ceteros
1048 523 1193 573 poetas
1226 532 1324 561 eum
1355 527 1426 564 aut
1455 525 1609 567 leviter

202 594 274 631 aut
307 591 478 630 omnino
511 603 599 630 non
632 591 892 644 cognovisse.

342 662 473 702 Tanto
519 663 654 716 igitur
699 664 837 716 poesis
896 676 1037 705 amore
1091 677 1189 705 cum
1241 665 1443 706 incensus
1489 673 1607 722 esset,

202 735 355 775 mirum
389 735 526 775 videri
557 748 643 775 non
675 739 824 788 potest,
872 737 987 789 quod
1033 737 1124 789 ipse
1163 737 1268 790 quid
1300 738 1342 777 in
1377 750 1425 778 ea
1457 738 1615 780 valeret

203 807 380 848 diversis
392 807 653 861 temporibus
670 808 932 862 periclitatus
951 809 1139 848 carmina
1151 811 1399 863 composuit.
1435 810 1615 852 Nullum

204 885 357 933 autem,
390 884 436 920 ut
468 884 530 920 est
566 883 729 933 notum,
773 881 987 933 integrum
1027 884 1243 922 servatum
1282 885 1358 924 est.
1421 881 1617 924 Plurima
1678 931 1683 935 ⁴

203 953 445 993 testimonia
493 956 533 992 et
579 952 815 1005 fragmenta
861 951 973 1005 apud
1021 964 1118 993 eum
1159 954 1300 1006 ipsum
1343 955 1389 994 in
1433 955 1616 1009 singulis

205 1026 372 1078 scriptis
405 1028 590 1076 exstant,
622 1024 831 1064 nonnulla
865 1025 948 1064 alia
981 1025 1094 1079 apud
1126 1025 1229 1066 alios
1269 1027 1504 1081 scriptores,
1536 1028 1614 1069 im-

203 1097 353 1150 primis
385 1097 698 1150 grammaticos.
761 1096 987 1137 Praeterea
1024 1098 1161 1138 maior
1198 1099 1307 1151 inter
1339 1112 1383 1140 se
1415 1100 1617 1141 continua

204 1182 301 1223 pars
324 1168 721 1210 Phaenomenorum
756 1169 955 1210 carminis
986 1168 1073 1209 fere
1105 1171 1199 1210 500.
1225 1183 1373 1211 versus
1397 1172 1618 1225 complexa

206 1241 499 1295 compluribus
532 1241 750 1282 codicibus
781 1242 893 1282 inter
925 1242 1027 1282 alias
1059 1254 1126 1283 res
1147 1242 1299 1282 tradita
1327 1246 1398 1284 est.
1462 1242 1617 1283 Omnia

207 1314 381 1355 collecta
427 1317 528 1355 sunt
573 1314 616 1353 in
665 1313 924 1355 editionibus
972 1313 1259 1370 Ciceronianis
1304 1314 1532 1370 (imprimis
1571 1316 1616 1355 in

208 1386 274 1428 ed.
307 1386 460 1427 Baiter.
501 1388 532 1426 ἃ
564 1384 745 1438 Kayser.
793 1400 831 1425 v.
876 1385 955 1427 XI.
1001 1385 1114 1440 Lips.
1156 1387 1281 1428 1869.
1323 1401 1363 1441 p.
1399 1385 1612 1428 89—137.

207 1462 422 1513 praeterea
453 1460 497 1498 in
531 1458 595 1499 ed.
631 1458 775 1499 Orelli.
848 1456 1029 1513 2(ssaiter
1061 1460 1092 1499 δε
1122 1458 1270 1514 Halm)
1303 1473 1341 1500 V.
1373 1459 1447 1501 IV.
1478 1459 1617 1501 Turio.

214 1531 339 1571 1861.
373 1544 409 1584 p.
446 1530 763 1581 lom—1053„
812 1530 887 1571 ubi
933 1531 1119 1573 adiectae
1166 1536 1268 1574 sunt
1304 1532 1445 1573 Nobbi
1489 1533 1618 1573 adno-

211 1605 405 1655 tationes,
438 1605 481 1643 in
515 1603 578 1644 ed.
616 1603 657 1644 C.
689 1603 734 1645 F.
767 1603 835 1643 W.
874 1603 1065 1646 Mueller.
1128 1604 1172 1644 P.
1210 1605 1285 1647 IV.
1319 1619 1358 1646 V.
1393 1605 1472 1647 III.
1504 1604 1616 1659 Lips.

214 1677 338 1717 1879.
370 1690 407 1730 p.
443 1677 699 1728 350—405.‚
746 1677 791 1716 in
829 1676 1220 1730 vetustioribusque
1271 1675 1548 1730 editionibus)
1580 1679 1622 1718 et

212 1763 235 1790 a
268 1749 523 1791 Baehrensio
557 1747 734 1804 (,poetae
766 1748 906 1788 Latini
928 1748 1126 1790 minores‘
1146 1748 1389 1803 Lips.1879
1406 1763 1444 1804 p.
1464 1750 1618 1791 1—28.

212 1827 253 1863 et
284 1822 531 1876 ,fragmenta
563 1825 783 1875 poetarum
815 1820 1118 1862 Romanorum<
1159 1821 1269 1876 Lips.
1310 1822 1434 1863 1886.
1464 1836 1502 1876 p.
1536 1823 1620 1863 298

212 1918 269 1923 —
293 1894 406 1945 315„
435 1894 522 1933 illic
546 1895 716 1944 Aratea,
750 1894 819 1934 hic
852 1898 989 1935 cetera
1017 1893 1286 1949 fragmenta).
1349 1894 1452 1936 Cum
1478 1897 1622 1935 autem

212 1980 273 2019 ea,
304 1979 411 2020 quae
445 1966 583 2007 adhuc
616 1966 666 2007 de
699 1965 912 2008 Ciceronis
944 1968 1062 2020 poesi
1094 1968 1356 2021 scripserunt
1387 1968 1469 2007 viri
1501 1966 1623 2018 docti,

214 2052 236 2080 e
268 2043 385 2093 parte
418 2042 464 2079 ut
496 2038 676 2079 arbitror
706 2042 781 2080 aut
803 2040 990 2094 suppleri
1010 2043 1083 2080 aut
1105 2040 1257 2094 corrigi
1272 2041 1447 2094 possint,
1472 2050 1621 2094 operae
1654 2038 1655 2041 ’

215 2113 399 2166 pretium
431 2112 536 2152 mihi
567 2112 709 2152 visum
742 2115 814 2165 est,
848 2112 986 2153 denuo
1019 2125 1165 2153 omnes
1206 2113 1322 2153 locos
1366 2111 1621 2167 perscrutari

216 2184 418 2238 quodque
451 2185 543 2225 erui
574 2188 710 2237 potest
742 2187 926 2225 statuere
970 2188 1010 2225 et
1052 2185 1097 2224 in
1142 2183 1521 2238 singulari·libello
1556 2182 1622 2223 Ci-

217 2258 382 2298 ceronis
413 2260 559 2311 poetae
584 2270 712 2310 quam
737 2258 1096 2298 accuratissimam
1118 2259 1348 2312 imaginem
1369 2255 1622 2297 adumbrare

215 2330 346 2383 idque
378 2330 446 2381 ita,
480 2333 529 2370 ut
560 2330 604 2369 in
636 2331 775 2383 priore
807 2330 885 2370 hac
916 2331 1124 2383 particula
1169 2331 1220 2371 de
1261 2328 1623 2383 inscriptionibus,

219 2402 270 2443 de
303 2403 578 2456 argumentis,
614 2403 665 2443 de
697 2402 958 2456 temporibus
992 2404 1259 2457 singulorum
1297 2402 1546 2454 carminum,
1577 2401 1623 2440 in

220 2475 364 2528 altera,
398 2488 505 2528 quae
539 2476 769 2530 aliquando
800 2479 907 2528 post,
943 2476 978 2516 si
1010 2476 1160 2528 licebit,
1183 2479 1398 2528 sequetur,
1422 2475 1472 2515 de
1494 2473 1622 2514 rebus

221 2548 418 2600 metricis,
449 2549 745 2601 grammaticis,
789 2549 945 2589 criticis
987 2548 1326 2602 generaliterque
1371 2547 1421 2588 de
1464 2546 1626 2600 poetica

222 2620 437 2662 Ciceronis
468 2620 667 2662 facultate
700 2624 874 2662 acturus
906 2622 1000 2663 sim.
