1813 2972
914 107 968 146 28

238 222 353 275 quod
391 221 598 276 Tanaquil
629 222 765 263 Faber
797 224 1038 277 suspicatus
1080 226 1160 276 est,
1211 224 1425 268 Ciceronis
1478 238 1650 267 carmen

237 294 347 335 illud
379 296 683 349 epigrammata
713 297 758 336 in
791 297 905 337 viros
938 296 1195 338 excellentes
1228 299 1501 352 complexum
1544 310 1650 339 esse.

377 367 495 409 Num
529 367 698 409 Caesari
743 369 787 409 in
835 369 918 409 illis
962 368 1159 410 versibus
1189 369 1235 408 in
1264 369 1506 412 Terentium
1538 383 1650 411 com-

235 441 395 494 positis,
429 453 535 495 quos
567 440 799 482 Suetonius
831 442 855 482 l.
889 454 921 483 c.
955 443 1090 496 ponit:

452 512 525 566 ,Tu
572 526 769 567 quoque,
814 518 862 555 tu
907 516 953 554 in
987 516 1183 568 summis,
1230 528 1252 556 o
1301 515 1516 556 dimidiate
1563 515 1651 556 Me-

449 586 614 626 nander
646 599 678 626 e.
714 600 750 640 q.
784 586 828 627 s.<

237 656 453 698 Ciceronis
486 671 647 710 versus,
694 663 742 698 ut
773 658 969 700 Nobbius
1000 660 1024 700 l.
1059 672 1091 700 c.
1130 659 1186 715 (p.
1221 661 1371 713 1047.)
1403 660 1508 711 vult,
1554 662 1652 700 ant-e

237 730 385 771 oculos
433 729 645 771 obversati
692 732 788 780 sint,
836 731 960 772 valde
1007 731 1186 772 dubium
1225 737 1301 775 est.
1365 732 1652 772 Verisimilius

236 807 377 843 autem
412 807 484 855 est,
528 803 764 846 Ausonium
803 805 848 844 in
882 805 1152 857 Protreptico,
1184 808 1231 845 ut
1261 805 1373 846 idem
1405 806 1472 845 vir
1503 804 1652 846 doctus

237 876 278 927 (l.
323 873 378 930 c.)
411 880 541 929 putat,
577 875 954 917 Ciceronianorum
1000 889 1207 917 versuum
1241 878 1507 918 recordatum
1549 889 1653 930 esse,

238 961 334 988 cum
369 949 496 988 simili
531 949 707 989 exordio
741 962 846 990 usus
880 949 931 989 de
964 949 1111 989 eodem
1143 953 1265 1004 poeta
1299 950 1418 991 dicit:
1681 935 1684 938 ¹

449 1021 522 1074 ,Tu
556 1033 740 1074 quoque,
773 1023 847 1075 qui
877 1021 1044 1062 Latium
1092 1022 1198 1063 lecto
1231 1035 1435 1076 sermone,
1467 1023 1646 1074 Terenti,

448 1095 580 1134 comis
613 1098 653 1135 et
685 1095 910 1135 adstrictus
942 1096 1154 1149 percurris
1188 1095 1349 1149 pulpita
1381 1108 1515 1148 socco,

450 1166 501 1206 ad
534 1180 645 1207 nova
677 1168 751 1207 vix
789 1180 1020 1208 memorem
1054 1167 1243 1208 diverbia
1275 1181 1376 1222 coge
1410 1168 1652 1210 senectam}

378 1238 475 1279 Non
527 1241 879 1294 praetermittam,
924 1240 1320 1282 Reifferscheidium
1372 1241 1652 1293 dubitantem,

237 1325 342 1353 num
376 1312 431 1354 M.
473 1313 639 1353 Tullius
671 1312 890 1354 Limonem
934 1314 1159 1368 scripserit,
1206 1327 1334 1355 causa
1380 1327 1466 1355 non
1514 1314 1652 1365 allata,

240 1386 397 1434 Quinto
440 1387 559 1426 fratri
607 1399 776 1426 carmen
822 1386 1013 1426 addicere
1060 1386 1185 1427 malle
1238 1385 1307 1442 (cf.
1347 1386 1516 1428 Sueton.
1564 1387 1652 1427 rell.

239 1458 301 1498 ed.
335 1458 578 1499 Reifferscli.
619 1473 654 1513 p.
689 1459 787 1500 426.
831 1458 940 1510 adn.,
976 1458 1076 1498 ibid.
1123 1460 1167 1499 in
1214 1459 1353 1500 indice
1401 1473 1439 1514 p.
1488 1458 1586 1500 560.
1619 1472 1652 1500 s.

238 1545 277 1571 v.
314 1530 360 1579 Q.
397 1530 573 1585 Cicero).
636 1532 717 1573 Sed
756 1532 860 1572 mihi
893 1532 995 1572 haec
1042 1534 1148 1572 ratio
1182 1531 1404 1572 dubitandi
1442 1544 1525 1572 non
1558 1545 1652 1586 pro—

239 1604 387 1645 babilis
436 1618 528 1645 esse
576 1604 757 1645 videtur.
820 1604 982 1645 Eodem
1028 1605 1120 1645 iure
1163 1605 1207 1644 in
1256 1605 1456 1645 omnibus
1503 1606 1653 1645 ceteris

236 1676 293 1718 M.
338 1677 449 1718 Tulli
496 1677 768 1729 carminibus,
825 1690 933 1731 quae
967 1677 1018 1717 ab
1059 1690 1106 1718 eo
1155 1679 1385 1731 composita
1431 1689 1522 1718 esse
1566 1689 1653 1717 non

234 1752 349 1805 apud
392 1752 534 1804 ipsum
579 1750 819 1790 testimonia
861 1754 1104 1802 occurrunt,
1151 1750 1225 1790 sed
1256 1751 1530 1804 praenomine
1567 1763 1650 1791 non

237 1825 397 1864 adiecto
443 1824 558 1877 apud
605 1823 710 1863 alios
748 1824 984 1877 scriptores,
1026 1822 1219 1863 dubitare
1253 1823 1362 1875 licet,
1405 1835 1509 1863 num
1541 1821 1652 1862 Mar-

235 1910 311 1937 cus
345 1897 583 1936 carminum
632 1897 685 1936 sit
717 1900 881 1937 auctor:
922 1908 1015 1936 meo
1049 1896 1221 1949 quidem
1253 1895 1412 1936 iudicio
1452 1894 1651 1935 omnibus

236 1970 350 2022 locis,
398 1969 470 2009 ubi
505 1968 649 2009 Cicero
698 1970 971 2022 praenomine
1018 1970 1174 2010 omisso
1221 1968 1467 2022 appellatur,
1516 1968 1553 2008 is
1587 1966 1651 2007 Ci-

234 2055 330 2083 cero
375 2042 676 2095 intelligendus
724 2046 797 2094 est,
851 2043 925 2096 qui
969 2046 1031 2083 est
1077 2043 1122 2082 in
1166 2042 1317 2082 litteris
1352 2039 1557 2081 Romanis
1605 2042 1654 2080 utv

235 2116 293 2156 ita
331 2115 467 2155 <licam
502 2114 646 2155 Cicero
680 2110 773 2155 κατ’
821 2111 981 2172 ἕξοχήν.
1045 2114 1090 2155 Si
1134 2127 1201 2155 res
1234 2115 1353 2154 aliter
1390 2126 1434 2154 se
1467 2112 1650 2165 haberet,

234 2187 463 2228 Suetonius
487 2191 527 2228 et
553 2188 691 2240 ceteri,
724 2200 777 2228 ne
803 2188 991 2241 legentes
1014 2191 1215 2239 errarent,
1248 2190 1367 2227 certe·
1390 2197 1650 2240 praenomen

234 2261 507 2301 addidissent.
569 2259 660 2300 Nec
698 2273 797 2301 vero
844 2262 1002 2300 mirum
1039 2273 1130 2301 esse
1163 2263 1309 2313 potest,
1357 2258 1470 2312 quod
1503 2257 1647 2298 Cicero

234 2345 384 2372 versus
416 2333 461 2372 in
484 2332 727 2373 Terentium
761 2333 876 2374 fecit:
911 2346 1011 2373 nam
1041 2334 1190 2387 quanti
1223 2345 1319 2373 eum
1352 2331 1648 2382 aestimaverit,

237 2405 304 2444 vel
325 2405 423 2445 inde
442 2410 625 2459 apparet,
658 2405 771 2459 quod
793 2406 879 2446 tere
911 2406 1053 2446 tricies
1086 2418 1140 2446 ex
1163 2418 1210 2446 eo
1233 2417 1382 2445 versus
1412 2404 1458 2444 in
1480 2404 1649 2457 scriptis

234 2478 326 2518 suis
359 2477 486 2518 affert.

382 2549 474 2599 Quo
508 2556 694 2605 tempore
726 2550 875 2591 Limon
908 2551 1090 2603 scriptus
1122 2550 1188 2599 sit,
1221 2549 1351 2590 statui
1382 2561 1469 2588 non
1502 2551 1648 2602 potest.

236 2621 432 2664 Fortasse
470 2625 595 2664 etiam
633 2624 883 2664 adulescens
916 2622 1062 2664 Cicero
1094 2622 1342 2678 composuit,
1390 2624 1439 2662 ut
1470 2620 1649 2661 Middle-
