1813 2972
898 105 952 144 22

221 225 486 268 orationibus
517 227 558 266 et
588 226 633 266 in
665 224 887 266 rhetoricis
918 221 1306 277 philosophicisque
1347 221 1469 263 libris
1506 235 1632 263 num-

223 312 348 354 quam
388 304 660 347 memoratur,
706 297 836 338 octies
867 299 1007 336 autem
1047 295 1095 335 in
1138 295 1341 348 epistulis.
1403 295 1536 336 Haud
1575 295 1636 335 ita

222 372 368 413 multis
398 372 530 425 igitur
560 370 685 410 annis
718 372 814 410 ante
847 382 881 409 a.
916 368 998 420 52„
1027 379 1111 421 quo
1142 366 1242 407 libri
1274 367 1326 408 de
1356 367 1523 421 legibus
1556 368 1636 408 orti

223 448 334 497 sunt,
365 467 422 473 —
452 455 552 484 nam
584 441 901 495 aliquantulum
931 440 1134 494 temporis
1165 439 1275 479 inter
1307 439 1390 480 duo
1427 440 1636 494 opuscula

221 519 424 558 interesse
455 526 655 570 apparere
688 526 742 555 ex
773 514 907 554 Attici
938 512 1079 554 verbis
1112 512 1250 565 ,lucus
1290 510 1462 564 quidem
1492 512 1564 553 ille
1597 515 1637 553 et

222 591 324 631 haec
356 587 632 643 Arpinatium
666 598 850 640 quercus
883 586 1128 639 agnoscitur
1160 596 1308 638 saepe
1347 596 1370 623 a
1401 596 1469 624 me
1499 584 1638 625 lectus

221 663 268 702 in
300 659 447 702 'Mario‘
483 659 552 715 (de
584 660 690 713 legg.
723 658 758 699 Ι.
785 658 820 699 l.
847 658 906 711 1.)
939 683 994 687 -—
1027 669 1196 698 carmen
1231 656 1514 710 compositum
1546 668 1637 698 esse

222 734 440 788 Hauptius
472 732 642 783 iudicat.
673 731 852 772 fortasse
884 734 998 772 recte
1030 730 1222 770 conicere
1256 728 1489 770 Corradum
1524 727 1570 784 (l.
1605 741 1637 770 c.

222 821 260 862 p.
295 806 391 847 296.
422 824 470 841 =
496 819 537 859 p.
572 801 810 858 ⁶262.Ern.)
845 815 1009 843 annum
1043 802 1124 854 56„
1155 806 1380 856 postquam
1405 801 1550 843 Cicero
1583 814 1637 842 ex

225 879 379 920 exsilio
410 877 591 918 Romam
631 876 818 917 redierit.
882 874 1092 915 Corradus
1137 876 1251 915 enim
1289 875 1516 926 existimat,
1560 875 1640 915 hoc

225 964 396 992 carmen
444 949 693 991 Ciceronem
742 948 995 1002 significare,
1042 960 1141 988 cum
1187 946 1343 988 scribat
1389 960 1426 989 a.
1471 947 1537 988 56.
1585 947 1638 988 ad
1678 938 1682 942 ’

224 1023 408 1066 Att.1V.
436 1024 472 1063 5.
500 1023 538 1063 1.
557 1036 617 1077 sq.
651 1023 734 1075 ⁷ain
757 1022 832 1062 tu?
866 1033 919 1061 an
954 1032 1020 1060 me
1053 1020 1274 1060 existimas
1305 1019 1356 1060 ab
1390 1019 1480 1060 ullo
1512 1020 1640 1061 malle

225 1110 318 1138 mea
349 1097 432 1151 legi
464 1094 720 1150 probarique
754 1107 884 1147 quam
917 1106 941 1134 a
962 1093 1031 1133 te‘?
1066 1105 1142 1133 cur
1163 1093 1295 1146 igitur
1317 1093 1519 1146 cuiquam
1543 1093 1641 1134 misi

225 1169 372 1224 prius?
417 1168 614 1223 Urgebar
645 1167 696 1208 ab
730 1179 791 1218 eo,
833 1166 885 1207 ad
929 1179 1057 1220 quem
1089 1166 1199 1218 misi,
1243 1170 1284 1206 et
1316 1178 1401 1206 non
1432 1165 1642 1206 habebam

227 1244 458 1298 exemplar.
536 1240 679 1289 Quid?
728 1240 852 1281 etiam
893 1264 950 1269 —
990 1239 1152 1279 dudum
1201 1239 1314 1279 enim
1362 1238 1641 1290 circumrodo,

228 1316 343 1370 quod
376 1314 668 1356 devorandum
701 1316 762 1353 est
793 1335 849 1340 -—
882 1310 1180 1364 subturpicula
1211 1311 1317 1351 mihi
1347 1311 1518 1352 videtur
1549 1323 1642 1352 esse

655 1385 664 1404 ‘
730 1383 811 1425 Sed
845 1384 1011 1424 etiamsi
1042 1396 1213 1424 carmen
1256 1386 1302 1424 in
1340 1383 1642 1424 celebrandum

229 1461 413 1502 Marium
437 1459 718 1513 compositum
743 1470 777 1498 a.
802 1457 880 1508 56„
903 1469 987 1510 quo
1009 1456 1061 1497 ab
1085 1456 1360 1510 optimatibus
1383 1456 1434 1496 ad
1452 1455 1644 1496 Caesaris

227 1537 368 1588 partes
390 1533 599 1573 transibat
622 1530 780 1584 Cicero,
812 1526 1065 1585 παλινῳδία
1098 1529 1411 1583 quodammodo
1442 1528 1645 1582 appellari

229 1609 402 1660 poterat,
441 1609 584 1646 tamen
617 1605 693 1644 vix
724 1608 811 1644 tam
844 1603 980 1657 turpis
1013 1599 1265 1658 παλινῳδία
1303 1605 1401 1654 erat,
1436 1605 1484 1642 ut
1519 1601 1644 1642 illum

230 1679 407 1733 puderet
430 1691 522 1719 eam
545 1678 597 1718 ad
619 1678 807 1718 Atticum
831 1675 1208 1716 familiarissimum
1234 1676 1409 1715 mittere.
1448 1675 1646 1727 Apertior

231 1755 272 1792 et
302 1752 472 1805 gravior
504 1755 544 1792 et
576 1750 628 1791 ad
661 1750 882 1790 Caesarem
915 1749 1056 1802 ipsum
1097 1748 1229 1788 relata
1265 1747 1476 1788 revocatio
1514 1745 1646 1786 fuisse

230 1824 400 1864 videtur
431 1823 497 1878 (cf.
531 1823 629 1863 ibid.
670 1822 808 1874 dices,
856 1833 904 1861 ea
943 1825 983 1861 te
1016 1821 1246 1872 monuisse,
1293 1819 1489 1872 suasisse,
1537 1831 1646 1872 quae

231 1896 423 1945 facerem,
455 1908 541 1936 non
566 1896 691 1937 etiam
726 1899 772 1936 ut
805 1893 1032 1934 scriberem
1057 1906 1091 1934 e.
1118 1906 1153 1946 q.
1177 1892 1225 1933 ss
1261 1891 1360 1932 ibid.
1396 1891 1480 1944 ,sed
1502 1897 1646 1932 tamen

231 1969 387 2010 modici
430 1969 593 2010 fuimus
628 1963 852 2017 ὑποθέσει,
892 1970 938 2006 ut
984 1967 1144 2020 scripsi.
1207 1965 1382 2005 Erimus
1416 1963 1646 2014 uberiores,

232 2043 268 2083 si
300 2046 340 2082 ct
371 2042 441 2082 ille
472 2041 654 2081 libenter
687 2037 909 2094 accipiet³).

374 2113 524 2167 Neque
557 2114 683 2153 etiam
714 2112 811 2152 illae
843 2123 1007 2163 causae,
1041 2109 1198 2164 quibus
1216 2109 1432 2163 Hauptius
1465 2121 1649 2150 commo-

232 2191 301 2228 tus
354 2186 539 2228 Marium
578 2186 630 2226 ad
667 2185 943 2239 posteriorem
981 2182 1197 2224 Ciceronis
1244 2186 1423 2224 aetatem
1469 2184 1650 2232 revocat,

235 2261 406 2301 omnino
440 2258 614 2300 stabiles
654 2270 746 2298 esse
785 2257 886 2296 mihi
918 2256 1128 2297 videntur.
1206 2255 1316 2296 Nam
1349 2255 1515 2296 etiamsi
1563 2266 1647 2294 non

234 2333 463 2374 verisimile
522 2335 585 2372 est
638 2331 751 2371 inter
806 2330 950 2383 ipsum
1012 2328 1121 2369 Mari
1185 2341 1361 2370 saevum
1422 2328 1650 2382 imperium

235 2417 406 2446 carmen
460 2409 597 2445 ortum
649 2416 753 2455 esse,
800 2407 943 2443 tamen
988 2414 1082 2442 meo
1133 2401 1306 2455 quidem
1351 2400 1510 2441 iudicio
1557 2398 1651 2440 fieri

233 2479 381 2532 potuit,
412 2481 459 2518 ut
493 2478 603 2518 intra
634 2476 851 2530 proximos
884 2487 1018 2515 annos
1051 2474 1317 2515 scriberetur.
1370 2473 1504 2514 Mario
1537 2473 1651 2513 enim

235 2555 401 2591 mortuo
435 2554 475 2591 et
506 2551 597 2591 eius
630 2549 861 2590 satellitum
898 2548 1126 2588 minimum
1174 2549 1375 2600 quattuor
1406 2545 1582 2586 milibus
1629 2557 1654 2584 a

236 2624 420 2665 Sertorio
454 2623 634 2663 concisis
666 2623 777 2662 iuter
807 2625 892 2662 tres
933 2621 1157 2661 continuos
1197 2619 1357 2660 Cinnae
1405 2618 1652 2660 consulatus

228 1384 479 1444 fraitwpdla
511 1418 521 1428 .
553 1418 562 1428 .
596 1417 605 1427 .
640 1417 649 1426 .
