<?xml version="1.0" encoding="UTF-8"?>
<!DOCTYPE html PUBLIC "-//W3C//DTD XHTML 1.0 Transitional//EN"
    "http://www.w3.org/TR/xhtml1/DTD/xhtml1-transitional.dtd">
<html xmlns="http://www.w3.org/1999/xhtml" xml:lang="en" lang="en">
 <head>
  <title>
</title>
<meta http-equiv="Content-Type" content="text/html;charset=utf-8" />
  <meta name='ocr-system' content='tesseract 3.04.00' />
  <meta name='ocr-capabilities' content='ocr_page ocr_carea ocr_par ocr_line ocrx_word'/>
</head>
<body>
  <div class='ocr_page' id='page_1' title='image "./demtulliociceron00groluoft_0012.png"; bbox 0 0 1813 2972; ppageno 0'>
   <div class='ocr_carea' id='block_1_1' title="bbox 39 891 172 952">
    <p class='ocr_par' dir='ltr' id='par_1_1' title="bbox 39 891 172 952">
     <span class='ocr_line' id='line_1_1' title="bbox 44 891 160 916; baseline 0 0"><span class='ocrx_word' id='word_1_1' title='bbox 44 891 160 916; x_wconf 78' lang='lat' dir='ltr'>Pontius</span> 
     </span>
     <span class='ocr_line' id='line_1_2' title="bbox 39 926 172 952; baseline -0.008 0"><span class='ocrx_word' id='word_1_2' title='bbox 39 926 172 952; x_wconf 78' lang='lat' dir='ltr'>Glaucus.</span> 
     </span>
    </p>
   </div>
   <div class='ocr_carea' id='block_1_2' title="bbox 910 112 938 151">
    <p class='ocr_par' dir='ltr' id='par_1_2' title="bbox 910 112 938 151">
     <span class='ocr_line' id='line_1_3' title="bbox 910 112 938 151; baseline 0 0"><span class='ocrx_word' id='word_1_3' title='bbox 910 112 938 151; x_wconf 83' lang='lat'>4</span> 
     </span>
    </p>
   </div>
   <div class='ocr_carea' id='block_1_3' title="bbox 217 228 1646 2682">
    <p class='ocr_par' dir='ltr' id='par_1_3' title="bbox 217 228 1634 864">
     <span class='ocr_line' id='line_1_4' title="bbox 217 228 1633 286; baseline -0.002 -14"><span class='ocrx_word' id='word_1_4' title='bbox 217 232 353 286; x_wconf 87' lang='lat' dir='ltr'>poetis</span> <span class='ocrx_word' id='word_1_5' title='bbox 399 229 604 273; x_wconf 83' lang='lat' dir='ltr'>Romanis</span> <span class='ocrx_word' id='word_1_6' title='bbox 649 229 873 271; x_wconf 77' lang='lat' dir='ltr'>excultum</span> <span class='ocrx_word' id='word_1_7' title='bbox 920 230 994 268; x_wconf 87' lang='lat' dir='ltr'>est.</span> <span class='ocrx_word' id='word_1_8' title='bbox 1056 228 1293 268; x_wconf 88' lang='lat' dir='ltr'>Posteriore</span> <span class='ocrx_word' id='word_1_9' title='bbox 1325 231 1467 269; x_wconf 83' lang='lat' dir='ltr'>autem</span> <span class='ocrx_word' id='word_1_10' title='bbox 1499 231 1633 269; x_wconf 80' lang='lat' dir='ltr'>aetate</span> 
     </span>
     <span class='ocr_line' id='line_1_5' title="bbox 218 298 1633 357; baseline -0.002 -13"><span class='ocrx_word' id='word_1_11' title='bbox 218 315 348 345; x_wconf 86' lang='lat' dir='ltr'>sensu</span> <span class='ocrx_word' id='word_1_12' title='bbox 377 303 544 357; x_wconf 80' lang='lat' dir='ltr'>pulchri</span> <span class='ocrx_word' id='word_1_13' title='bbox 577 303 836 356; x_wconf 81' lang='lat' dir='ltr'>venustique</span> <span class='ocrx_word' id='word_1_14' title='bbox 867 301 1002 353; x_wconf 81' lang='lat' dir='ltr'>magis</span> <span class='ocrx_word' id='word_1_15' title='bbox 1040 299 1206 340; x_wconf 87' lang='lat' dir='ltr'>erudito</span> <span class='ocrx_word' id='word_1_16' title='bbox 1239 298 1291 339; x_wconf 83' lang='lat' dir='ltr'>ab</span> <span class='ocrx_word' id='word_1_17' title='bbox 1323 300 1633 342; x_wconf 80' lang='lat' dir='ltr'><strong>Alexandrinis</strong></span> 
     </span>
     <span class='ocr_line' id='line_1_6' title="bbox 218 371 1633 426; baseline -0.002 -10"><span class='ocrx_word' id='word_1_18' title='bbox 218 387 264 416; x_wconf 90' lang='lat' dir='ltr'>se</span> <span class='ocrx_word' id='word_1_19' title='bbox 319 376 578 417; x_wconf 81' lang='lat' dir='ltr'>convertisse</span> <span class='ocrx_word' id='word_1_20' title='bbox 627 376 795 416; x_wconf 83' lang='lat' dir='ltr'>videtur</span> <span class='ocrx_word' id='word_1_21' title='bbox 837 374 890 415; x_wconf 88' lang='lat' dir='ltr'>ad</span> <span class='ocrx_word' id='word_1_22' title='bbox 937 372 1201 426; x_wconf 80' lang='lat' dir='ltr'>antiquiores</span> <span class='ocrx_word' id='word_1_23' title='bbox 1246 375 1391 425; x_wconf 89' lang='lat' dir='ltr'>poetas</span> <span class='ocrx_word' id='word_1_24' title='bbox 1437 371 1633 424; x_wconf 79' lang='lat' dir='ltr'>Graecos,</span> 
     </span>
     <span class='ocr_line' id='line_1_7' title="bbox 218 444 1634 503; baseline -0.004 -14"><span class='ocrx_word' id='word_1_25' title='bbox 218 449 427 503; x_wconf 78' lang='lat' dir='ltr'>imprimis</span> <span class='ocrx_word' id='word_1_26' title='bbox 459 448 511 488; x_wconf 89' lang='lat' dir='ltr'>ad</span> <span class='ocrx_word' id='word_1_27' title='bbox 532 447 768 488; x_wconf 79' lang='lat' dir='ltr'>Homerum</span> <span class='ocrx_word' id='word_1_28' title='bbox 800 446 1068 499; x_wconf 85' lang='lat' dir='ltr'>tragicosque</span> <span class='ocrx_word' id='word_1_29' title='bbox 1098 444 1195 484; x_wconf 85' lang='lat' dir='ltr'>illos</span> <span class='ocrx_word' id='word_1_30' title='bbox 1226 447 1331 484; x_wconf 83' lang='lat' dir='ltr'>tres:</span> <span class='ocrx_word' id='word_1_31' title='bbox 1366 457 1422 485; x_wconf 85' lang='lat' dir='ltr'>ex</span> <span class='ocrx_word' id='word_1_32' title='bbox 1442 445 1634 486; x_wconf 81' lang='lat' dir='ltr'>Alexan—</span> 
     </span>
     <span class='ocr_line' id='line_1_8' title="bbox 221 517 1634 572; baseline -0.004 -10"><span class='ocrx_word' id='word_1_33' title='bbox 221 521 356 562; x_wconf 89' lang='lat' dir='ltr'>drinis</span> <span class='ocrx_word' id='word_1_34' title='bbox 388 521 501 561; x_wconf 90' lang='lat' dir='ltr'>enim</span> <span class='ocrx_word' id='word_1_35' title='bbox 532 519 668 572; x_wconf 88' lang='lat' dir='ltr'>poetis</span> <span class='ocrx_word' id='word_1_36' title='bbox 712 517 800 559; x_wconf 87' lang='lat' dir='ltr'>fere</span> <span class='ocrx_word' id='word_1_37' title='bbox 846 530 1086 571; x_wconf 85' lang='lat' dir='ltr'>numquam</span> <span class='ocrx_word' id='word_1_38' title='bbox 1117 520 1213 570; x_wconf 89' lang='lat' dir='ltr'>post</span> <span class='ocrx_word' id='word_1_39' title='bbox 1252 517 1300 556; x_wconf 90' lang='lat' dir='ltr'>in</span> <span class='ocrx_word' id='word_1_40' title='bbox 1347 517 1511 570; x_wconf 89' lang='lat' dir='ltr'>scriptis</span> <span class='ocrx_word' id='word_1_41' title='bbox 1543 518 1634 558; x_wconf 88' lang='lat' dir='ltr'>suis</span> 
     </span>
     <span class='ocr_line' id='line_1_9' title="bbox 220 588 1633 643; baseline -0.004 -10"><span class='ocrx_word' id='word_1_42' title='bbox 220 593 334 634; x_wconf 82' lang='lat' dir='ltr'>locos</span> <span class='ocrx_word' id='word_1_43' title='bbox 368 592 487 633; x_wconf 85' lang='lat' dir='ltr'>affert</span> <span class='ocrx_word' id='word_1_44' title='bbox 518 596 558 632; x_wconf 85' lang='lat' dir='ltr'>et</span> <span class='ocrx_word' id='word_1_45' title='bbox 589 604 685 631; x_wconf 87' lang='lat' dir='ltr'>raro</span> <span class='ocrx_word' id='word_1_46' title='bbox 718 595 887 631; x_wconf 78' lang='lat' dir='ltr'>tantum</span> <span class='ocrx_word' id='word_1_47' title='bbox 918 602 1059 643; x_wconf 91' lang='lat' dir='ltr'>neque</span> <span class='ocrx_word' id='word_1_48' title='bbox 1092 589 1298 630; x_wconf 79' lang='lat' dir='ltr'>benevole</span> <span class='ocrx_word' id='word_1_49' title='bbox 1345 588 1396 629; x_wconf 88' lang='lat' dir='ltr'>de</span> <span class='ocrx_word' id='word_1_50' title='bbox 1433 588 1486 629; x_wconf 91' lang='lat' dir='ltr'>iis</span> <span class='ocrx_word' id='word_1_51' title='bbox 1518 588 1633 629; x_wconf 89' lang='lat' dir='ltr'>dicit.</span> 
     </span>
     <span class='ocr_line' id='line_1_10' title="bbox 222 661 1633 718; baseline -0.004 -12"><span class='ocrx_word' id='word_1_52' title='bbox 222 664 339 714; x_wconf 84' lang='lat' dir='ltr'>Quae</span> <span class='ocrx_word' id='word_1_53' title='bbox 371 677 438 705; x_wconf 85' lang='lat' dir='ltr'>res</span> <span class='ocrx_word' id='word_1_54' title='bbox 469 665 560 718; x_wconf 87' lang='lat' dir='ltr'>ipsa</span> <span class='ocrx_word' id='word_1_55' title='bbox 592 675 764 716; x_wconf 87' lang='lat' dir='ltr'>quoque</span> <span class='ocrx_word' id='word_1_56' title='bbox 811 675 940 703; x_wconf 86' lang='lat' dir='ltr'>causa</span> <span class='ocrx_word' id='word_1_57' title='bbox 987 666 1061 714; x_wconf 83' lang='lat' dir='ltr'>est,</span> <span class='ocrx_word' id='word_1_58' title='bbox 1104 675 1180 702; x_wconf 86' lang='lat' dir='ltr'>cur</span> <span class='ocrx_word' id='word_1_59' title='bbox 1224 662 1298 702; x_wconf 90' lang='lat' dir='ltr'>illa</span> <span class='ocrx_word' id='word_1_60' title='bbox 1343 664 1538 715; x_wconf 85' lang='lat' dir='ltr'>poemata</span> <span class='ocrx_word' id='word_1_61' title='bbox 1581 661 1633 701; x_wconf 87' lang='lat' dir='ltr'>ad</span> 
     </span>
     <span class='ocr_line' id='line_1_11' title="bbox 222 733 1631 778; baseline -0.003 0"><span class='ocrx_word' id='word_1_62' title='bbox 222 737 539 778; x_wconf 76' lang='lat' dir='ltr'>Alexandrinos</span> <span class='ocrx_word' id='word_1_63' title='bbox 594 735 833 776; x_wconf 77' lang='lat' dir='ltr'>revocanda</span> <span class='ocrx_word' id='word_1_64' title='bbox 887 734 1201 776; x_wconf 78' lang='lat' dir='ltr'>adulescentiae</span> <span class='ocrx_word' id='word_1_65' title='bbox 1254 733 1469 775; x_wconf 80' lang='lat' dir='ltr'>Ciceronis</span> <span class='ocrx_word' id='word_1_66' title='bbox 1521 734 1631 774; x_wconf 88' lang='lat' dir='ltr'>assi-</span> 
     </span>
     <span class='ocr_line' id='line_1_12' title="bbox 221 822 415 864; baseline -0.005 -14"><span class='ocrx_word' id='word_1_67' title='bbox 221 822 415 864; x_wconf 83' lang='lat' dir='ltr'>gnemus.</span> 
     </span>
    </p>

    <p class='ocr_par' dir='ltr' id='par_1_4' title="bbox 224 879 1645 2024">
     <span class='ocr_line' id='line_1_13' title="bbox 369 879 1638 934; baseline -0.002 -13"><span class='ocrx_word' id='word_1_68' title='bbox 369 881 487 922; x_wconf 84' lang='lat' dir='ltr'>Inter</span> <span class='ocrx_word' id='word_1_69' title='bbox 527 881 662 934; x_wconf 86' lang='lat' dir='ltr'>prima</span> <span class='ocrx_word' id='word_1_70' title='bbox 699 880 891 933; x_wconf 88' lang='lat' dir='ltr'>pericula</span> <span class='ocrx_word' id='word_1_71' title='bbox 927 881 1093 933; x_wconf 85' lang='lat' dir='ltr'>poetica</span> <span class='ocrx_word' id='word_1_72' title='bbox 1131 880 1257 920; x_wconf 89' lang='lat' dir='ltr'>etiam</span> <span class='ocrx_word' id='word_1_73' title='bbox 1295 893 1319 920; x_wconf 85' lang='lat' dir='ltr'>a</span> <span class='ocrx_word' id='word_1_74' title='bbox 1349 891 1479 933; x_wconf 89' lang='lat' dir='ltr'>puero</span> <span class='ocrx_word' id='word_1_75' title='bbox 1526 879 1638 919; x_wconf 83' lang='lat' dir='ltr'>facta</span> 
     </span>
     <span class='ocr_line' id='line_1_14' title="bbox 224 952 1640 1006; baseline -0.002 -11"><span class='ocrx_word' id='word_1_76' title='bbox 224 953 536 995; x_wconf 86' lang='lat' dir='ltr'>numerandum</span> <span class='ocrx_word' id='word_1_77' title='bbox 577 958 639 993; x_wconf 87' lang='lat' dir='ltr'>est</span> <span class='ocrx_word' id='word_1_78' title='bbox 683 953 947 1006; x_wconf 76' lang='lat' dir='ltr'>poematium</span> <span class='ocrx_word' id='word_1_79' title='bbox 980 952 1193 1006; x_wconf 86' lang='lat' dir='ltr'>quoddam</span> <span class='ocrx_word' id='word_1_80' title='bbox 1238 952 1464 993; x_wconf 80' lang='lat' dir='ltr'>trochaicis</span> <span class='ocrx_word' id='word_1_81' title='bbox 1509 955 1640 992; x_wconf 87' lang='lat' dir='ltr'>tetra-</span> 
     </span>
     <span class='ocr_line' id='line_1_15' title="bbox 226 1023 1635 1079; baseline -0.003 -11"><span class='ocrx_word' id='word_1_82' title='bbox 226 1028 370 1068; x_wconf 83' lang='lat' dir='ltr'>metris</span> <span class='ocrx_word' id='word_1_83' title='bbox 408 1026 640 1074; x_wconf 83' lang='lat' dir='ltr'>conditum,</span> <span class='ocrx_word' id='word_1_84' title='bbox 672 1024 786 1078; x_wconf 89' lang='lat' dir='ltr'>quod</span> <span class='ocrx_word' id='word_1_85' title='bbox 818 1026 1071 1079; x_wconf 85' lang='lat' dir='ltr'>inscriptum</span> <span class='ocrx_word' id='word_1_86' title='bbox 1103 1027 1192 1065; x_wconf 86' lang='lat' dir='ltr'>erat</span> <span class='ocrx_word' id='word_1_87' title='bbox 1222 1023 1402 1066; x_wconf 83' lang='lat' dir='ltr'>Pontius</span> <span class='ocrx_word' id='word_1_88' title='bbox 1436 1024 1635 1065; x_wconf 85' lang='lat' dir='ltr'>Glaucus.</span> 
     </span>
     <span class='ocr_line' id='line_1_16' title="bbox 225 1096 1636 1154; baseline -0.002 -14"><span class='ocrx_word' id='word_1_89' title='bbox 225 1100 526 1154; x_wconf 79' lang='lat' dir='ltr'>Fragmentum</span> <span class='ocrx_word' id='word_1_90' title='bbox 562 1096 730 1139; x_wconf 85' lang='lat' dir='ltr'>nullum</span> <span class='ocrx_word' id='word_1_91' title='bbox 784 1102 934 1150; x_wconf 73' lang='lat' dir='ltr'>exstat,</span> <span class='ocrx_word' id='word_1_92' title='bbox 973 1098 1263 1138; x_wconf 85' lang='lat' dir='ltr'>testimonium</span> <span class='ocrx_word' id='word_1_93' title='bbox 1301 1110 1439 1138; x_wconf 87' lang='lat' dir='ltr'>unum</span> <span class='ocrx_word' id='word_1_94' title='bbox 1470 1100 1636 1138; x_wconf 84' lang='lat' dir='ltr'>tantum</span> 
     </span>
     <span class='ocr_line' id='line_1_17' title="bbox 225 1166 1637 1226; baseline -0.001 -13"><span class='ocrx_word' id='word_1_95' title='bbox 225 1173 336 1226; x_wconf 85' lang='lat' dir='ltr'>apud</span> <span class='ocrx_word' id='word_1_96' title='bbox 382 1171 660 1212; x_wconf 75' lang='lat' dir='ltr'>Plutarchum</span> <span class='ocrx_word' id='word_1_97' title='bbox 706 1171 750 1210; x_wconf 91' lang='lat' dir='ltr'>in</span> <span class='ocrx_word' id='word_1_98' title='bbox 798 1171 886 1211; x_wconf 77' lang='lat' dir='ltr'>vita</span> <span class='ocrx_word' id='word_1_99' title='bbox 924 1169 1138 1211; x_wconf 86' lang='lat' dir='ltr'>Ciceronis</span> <span class='ocrx_word' id='word_1_100' title='bbox 1172 1171 1208 1211; x_wconf 84' lang='lat'>2.</span> <span class='ocrx_word' id='word_1_101' title='bbox 1257 1173 1315 1212; x_wconf 78' lang='lat'>2.:</span> <span class='ocrx_word' id='word_1_102' title='bbox 1379 1175 1435 1221; x_wconf 88' lang='grc' dir='ltr'>,Γ</span> <span class='ocrx_word' id='word_1_103' title='bbox 1431 1166 1637 1223; x_wconf 76' lang='grc' dir='ltr'><em>ενόμενος,</em></span> 
     </span>
     <span class='ocr_line' id='line_1_18' title="bbox 228 1236 1639 1300; baseline -0.001 -14"><span class='ocrx_word' id='word_1_104' title='bbox 228 1241 376 1300; x_wconf 73' lang='grc' dir='ltr'><em>ὥσπερ</em></span> <span class='ocrx_word' id='word_1_105' title='bbox 425 1240 447 1285; x_wconf 78' lang='grc' dir='ltr'><em>ὃ</em></span> <span class='ocrx_word' id='word_1_106' title='bbox 483 1240 674 1285; x_wconf 73' lang='grc' dir='ltr'><em>Πλάτων</em></span> <span class='ocrx_word' id='word_1_107' title='bbox 719 1236 837 1292; x_wconf 76' lang='grc' dir='ltr'><em>ἆξιοῖ</em></span> <span class='ocrx_word' id='word_1_108' title='bbox 885 1239 960 1298; x_wconf 79' lang='grc' dir='ltr'>τὴν</span> <span class='ocrx_word' id='word_1_109' title='bbox 1007 1243 1241 1300; x_wconf 66' lang='grc' dir='ltr'><em>φιλομαθῆ</em></span> <span class='ocrx_word' id='word_1_110' title='bbox 1274 1241 1347 1284; x_wconf 78' lang='grc' dir='ltr'>καὶ</span> <span class='ocrx_word' id='word_1_111' title='bbox 1393 1239 1639 1300; x_wconf 66' lang='grc' dir='ltr'><em>φιλόσοφον</em></span> 
     </span>
     <span class='ocr_line' id='line_1_19' title="bbox 226 1310 1635 1375; baseline -0.003 -15"><span class='ocrx_word' id='word_1_112' title='bbox 226 1314 367 1375; x_wconf 65' lang='grc' dir='ltr'><em>φύσιν,</em></span> <span class='ocrx_word' id='word_1_113' title='bbox 402 1310 492 1366; x_wconf 78' lang='grc' dir='ltr'><em>οἷος</em></span> <span class='ocrx_word' id='word_1_114' title='bbox 524 1310 814 1367; x_wconf 73' lang='grc' dir='ltr'><em>ἀσπάζεσθαι</em></span> <span class='ocrx_word' id='word_1_115' title='bbox 861 1315 954 1356; x_wconf 79' lang='grc' dir='ltr'>πᾶν</span> <span class='ocrx_word' id='word_1_116' title='bbox 999 1312 1189 1372; x_wconf 72' lang='grc' dir='ltr'><em>μάθημα</em></span> <span class='ocrx_word' id='word_1_117' title='bbox 1235 1313 1310 1356; x_wconf 79' lang='grc' dir='ltr'>καὶ</span> <span class='ocrx_word' id='word_1_118' title='bbox 1347 1313 1481 1373; x_wconf 74' lang='grc' dir='ltr'><em>μηδὲν</em></span> <span class='ocrx_word' id='word_1_119' title='bbox 1511 1312 1635 1370; x_wconf 75' lang='grc' dir='ltr'><em>λόγου</em></span> 
     </span>
     <span class='ocr_line' id='line_1_20' title="bbox 225 1373 1638 1446; baseline -0.002 -15"><span class='ocrx_word' id='word_1_120' title='bbox 225 1388 334 1446; x_wconf 76' lang='grc' dir='ltr'><em>μηδὲ</em></span> <span class='ocrx_word' id='word_1_121' title='bbox 366 1385 579 1438; x_wconf 76' lang='grc' dir='ltr'><em>παιδείας</em></span> <span class='ocrx_word' id='word_1_122' title='bbox 610 1382 843 1441; x_wconf 69' lang='grc' dir='ltr'><em>ἀτιμάζειν</em></span> <span class='ocrx_word' id='word_1_123' title='bbox 874 1382 1000 1441; x_wconf 68' lang='grc' dir='ltr'><em>εἶδος,</em></span> <span class='ocrx_word' id='word_1_124' title='bbox 1032 1373 1154 1444; x_wconf 74' lang='grc' dir='ltr'><em>ε’ρρὺη</em></span> <span class='ocrx_word' id='word_1_125' title='bbox 1186 1404 1285 1438; x_wconf 80' lang='grc' dir='ltr'>πως</span> <span class='ocrx_word' id='word_1_126' title='bbox 1309 1384 1638 1443; x_wconf 70' lang='grc' dir='ltr'><em>προθυμότερον</em></span> 
     </span>
     <span class='ocr_line' id='line_1_21' title="bbox 226 1455 1641 1518; baseline -0.001 -14"><span class='ocrx_word' id='word_1_127' title='bbox 226 1460 303 1504; x_wconf 74' lang='grc' dir='ltr'>ἐπὶ</span> <span class='ocrx_word' id='word_1_128' title='bbox 336 1458 592 1518; x_wconf 73' lang='grc' dir='ltr'><em>ποιητικήν·</em></span> <span class='ocrx_word' id='word_1_129' title='bbox 626 1458 701 1502; x_wconf 80' lang='grc' dir='ltr'>καί</span> <span class='ocrx_word' id='word_1_130' title='bbox 734 1476 776 1502; x_wconf 87' lang='grc' dir='ltr'><em>τι</em></span> <span class='ocrx_word' id='word_1_131' title='bbox 809 1458 883 1501; x_wconf 80' lang='grc' dir='ltr'>καὶ</span> <span class='ocrx_word' id='word_1_132' title='bbox 918 1458 1188 1517; x_wconf 77' lang='grc' dir='ltr'><em>ποιημάτιον</em></span> <span class='ocrx_word' id='word_1_133' title='bbox 1219 1459 1284 1502; x_wconf 81' lang='grc' dir='ltr'><em>ἔτι</em></span> <span class='ocrx_word' id='word_1_134' title='bbox 1317 1457 1480 1511; x_wconf 76' lang='grc' dir='ltr'><em>παιδὸς</em></span> <span class='ocrx_word' id='word_1_135' title='bbox 1511 1455 1641 1502; x_wconf 60' lang='grc' dir='ltr'><em>αὐτοῦ</em></span> 
     </span>
     <span class='ocr_line' id='line_1_22' title="bbox 228 1530 1637 1591; baseline 0 -16"><span class='ocrx_word' id='word_1_136' title='bbox 228 1530 508 1586; x_wconf 68' lang='grc' dir='ltr'><em>διασώζεται,</em></span> <span class='ocrx_word' id='word_1_137' title='bbox 535 1530 724 1583; x_wconf 76' lang='grc' dir='ltr'><em>Πόντιος</em></span> <span class='ocrx_word' id='word_1_138' title='bbox 750 1533 948 1585; x_wconf 70' lang='grc' dir='ltr'><em>Γλαῦκος,</em></span> <span class='ocrx_word' id='word_1_139' title='bbox 969 1531 1012 1575; x_wconf 78' lang='grc' dir='ltr'>ἒν</span> <span class='ocrx_word' id='word_1_140' title='bbox 1034 1535 1305 1589; x_wconf 75' lang='grc' dir='ltr'><em>τετραμέτρῳ</em></span> <span class='ocrx_word' id='word_1_141' title='bbox 1328 1531 1637 1591; x_wconf 78' lang='grc' dir='ltr'><em>πεποιημένον.</em></span> 
     </span>
     <span class='ocr_line' id='line_1_23' title="bbox 227 1600 1640 1662; baseline -0.001 -14"><span class='ocrx_word' id='word_1_142' title='bbox 227 1602 405 1661; x_wconf 73' lang='grc' dir='ltr'><em>Προϊὼν</em></span> <span class='ocrx_word' id='word_1_143' title='bbox 437 1604 483 1647; x_wconf 72' lang='grc' dir='ltr'>δὲ</span> <span class='ocrx_word' id='word_1_144' title='bbox 515 1607 577 1662; x_wconf 74' lang='grc' dir='ltr'>τῷ</span> <span class='ocrx_word' id='word_1_145' title='bbox 608 1604 744 1662; x_wconf 76' lang='grc' dir='ltr'><em>χρόνῳ</em></span> <span class='ocrx_word' id='word_1_146' title='bbox 792 1604 866 1647; x_wconf 77' lang='grc' dir='ltr'>καὶ</span> <span class='ocrx_word' id='word_1_147' title='bbox 914 1603 1230 1661; x_wconf 77' lang='grc' dir='ltr'><em>ποικιλώτερον</em></span> <span class='ocrx_word' id='word_1_148' title='bbox 1273 1600 1519 1659; x_wconf 73' lang='grc' dir='ltr'><em>ἁπτόμενος</em></span> <span class='ocrx_word' id='word_1_149' title='bbox 1565 1607 1640 1662; x_wconf 70' lang='grc' dir='ltr'>τῆς</span> 
     </span>
     <span class='ocr_line' id='line_1_24' title="bbox 229 1673 1639 1735; baseline -0.001 -15"><span class='ocrx_word' id='word_1_150' title='bbox 229 1678 327 1734; x_wconf 84' lang='grc' dir='ltr'><em>περὶ</em></span> <span class='ocrx_word' id='word_1_151' title='bbox 379 1679 513 1720; x_wconf 61' lang='lat' dir='ltr'>mim</span> <span class='ocrx_word' id='word_1_152' title='bbox 557 1676 719 1734; x_wconf 68' lang='grc' dir='ltr'><em>μούσης</em></span> <span class='ocrx_word' id='word_1_153' title='bbox 765 1677 906 1731; x_wconf 77' lang='grc' dir='ltr'><em>ἔδοξεν</em></span> <span class='ocrx_word' id='word_1_154' title='bbox 953 1673 999 1721; x_wconf 78' lang='grc' dir='ltr'>οἶ)</span> <span class='ocrx_word' id='word_1_155' title='bbox 1043 1676 1174 1732; x_wconf 88' lang='grc' dir='ltr'><em>μόνον</em></span> <span class='ocrx_word' id='word_1_156' title='bbox 1220 1676 1376 1735; x_wconf 77' lang='grc' dir='ltr'><em>ῥήτωρ,</em></span> <span class='ocrx_word' id='word_1_157' title='bbox 1423 1673 1639 1720; x_wconf 74' lang='grc' dir='ltr'><em>ἀλλὰκαὶ</em></span> 
     </span>
     <span class='ocr_line' id='line_1_25' title="bbox 230 1744 1645 1809; baseline -0.001 -16"><span class='ocrx_word' id='word_1_158' title='bbox 230 1747 417 1809; x_wconf 66' lang='grc' dir='ltr'><em>ποιητὴς</em></span> <span class='ocrx_word' id='word_1_159' title='bbox 460 1744 636 1806; x_wconf 71' lang='grc' dir='ltr'><em>ἷὶριστος</em></span> <span class='ocrx_word' id='word_1_160' title='bbox 683 1746 795 1793; x_wconf 72' lang='grc' dir='ltr'><em>εἶναι</em></span> <span class='ocrx_word' id='word_1_161' title='bbox 840 1746 1092 1805; x_wconf 54' lang='grc' dir='ltr'><em>Ῥωμαιίυνῖ</em></span> <span class='ocrx_word' id='word_1_162' title='bbox 1154 1751 1223 1791; x_wconf 76' lang='lat' dir='ltr'>Ex</span> <span class='ocrx_word' id='word_1_163' title='bbox 1270 1751 1335 1791; x_wconf 89' lang='lat' dir='ltr'>his</span> <span class='ocrx_word' id='word_1_164' title='bbox 1366 1750 1508 1792; x_wconf 81' lang='lat' dir='ltr'>verbis</span> <span class='ocrx_word' id='word_1_165' title='bbox 1539 1752 1645 1791; x_wconf 82' lang='lat' dir='ltr'>satis</span> 
     </span>
     <span class='ocr_line' id='line_1_26' title="bbox 229 1823 1640 1878; baseline -0.001 -13"><span class='ocrx_word' id='word_1_166' title='bbox 229 1825 389 1866; x_wconf 83' lang='lat' dir='ltr'>clarere</span> <span class='ocrx_word' id='word_1_167' title='bbox 439 1824 544 1864; x_wconf 89' lang='lat' dir='ltr'>mihi</span> <span class='ocrx_word' id='word_1_168' title='bbox 591 1824 772 1876; x_wconf 69' lang='lat' dir='ltr'>videtur,</span> <span class='ocrx_word' id='word_1_169' title='bbox 820 1837 992 1865; x_wconf 89' lang='lat' dir='ltr'>carmen</span> <span class='ocrx_word' id='word_1_170' title='bbox 1039 1823 1150 1864; x_wconf 88' lang='lat' dir='ltr'>illud</span> <span class='ocrx_word' id='word_1_171' title='bbox 1197 1824 1321 1864; x_wconf 84' lang='lat' dir='ltr'>etiam</span> <span class='ocrx_word' id='word_1_172' title='bbox 1368 1824 1413 1864; x_wconf 89' lang='lat' dir='ltr'>in</span> <span class='ocrx_word' id='word_1_173' title='bbox 1459 1824 1640 1878; x_wconf 81' lang='lat' dir='ltr'>pueritia</span> 
     </span>
     <span class='ocr_line' id='line_1_27' title="bbox 233 1893 1643 1951; baseline -0.001 -13"><span class='ocrx_word' id='word_1_174' title='bbox 233 1897 477 1938; x_wconf 81' lang='lat' dir='ltr'>Ciceronem</span> <span class='ocrx_word' id='word_1_175' title='bbox 501 1898 801 1951; x_wconf 78' lang='lat' dir='ltr'>composuisse,</span> <span class='ocrx_word' id='word_1_176' title='bbox 832 1910 911 1938; x_wconf 87' lang='lat' dir='ltr'>nec</span> <span class='ocrx_word' id='word_1_177' title='bbox 943 1897 1078 1946; x_wconf 74' lang='lat' dir='ltr'>video,</span> <span class='ocrx_word' id='word_1_178' title='bbox 1112 1909 1191 1937; x_wconf 87' lang='lat' dir='ltr'>cur</span> <span class='ocrx_word' id='word_1_179' title='bbox 1222 1895 1506 1937; x_wconf 89' lang='lat' dir='ltr'>Drumannus</span> <span class='ocrx_word' id='word_1_180' title='bbox 1539 1893 1584 1951; x_wconf 89' lang='lat' dir='ltr'>(l.</span> <span class='ocrx_word' id='word_1_181' title='bbox 1608 1908 1643 1936; x_wconf 87' lang='lat' dir='ltr'>c.</span> 
     </span>
     <span class='ocr_line' id='line_1_28' title="bbox 234 1969 1640 2024; baseline 0.001 -15"><span class='ocrx_word' id='word_1_182' title='bbox 234 1985 272 2012; x_wconf 70' lang='lat' dir='ltr'>v.</span> <span class='ocrx_word' id='word_1_183' title='bbox 305 1970 355 2010; x_wconf 85' lang='lat' dir='ltr'>V.</span> <span class='ocrx_word' id='word_1_184' title='bbox 389 1983 425 2024; x_wconf 90' lang='lat' dir='ltr'>p.</span> <span class='ocrx_word' id='word_1_185' title='bbox 461 1970 578 2023; x_wconf 73' lang='lat'>220.)</span> <span class='ocrx_word' id='word_1_186' title='bbox 611 1970 662 2010; x_wconf 84' lang='lat' dir='ltr'>de</span> <span class='ocrx_word' id='word_1_187' title='bbox 706 1969 925 2011; x_wconf 87' lang='lat' dir='ltr'>Plutarchi</span> <span class='ocrx_word' id='word_1_188' title='bbox 962 1970 1193 2010; x_wconf 87' lang='lat' dir='ltr'>testimonii</span> <span class='ocrx_word' id='word_1_189' title='bbox 1240 1970 1415 2010; x_wconf 84' lang='lat' dir='ltr'>veritate</span> <span class='ocrx_word' id='word_1_190' title='bbox 1463 1969 1640 2011; x_wconf 75' lang='lat' dir='ltr'>dubitet.</span> 
     </span>
    </p>

    <p class='ocr_par' dir='ltr' id='par_1_5' title="bbox 233 2041 1646 2682">
     <span class='ocr_line' id='line_1_29' title="bbox 373 2041 1643 2097; baseline -0.002 -14"><span class='ocrx_word' id='word_1_191' title='bbox 373 2043 550 2097; x_wconf 86' lang='lat' dir='ltr'>Epicum</span> <span class='ocrx_word' id='word_1_192' title='bbox 611 2044 713 2097; x_wconf 88' lang='lat' dir='ltr'>quin</span> <span class='ocrx_word' id='word_1_193' title='bbox 770 2047 970 2097; x_wconf 89' lang='lat' dir='ltr'>putemus</span> <span class='ocrx_word' id='word_1_194' title='bbox 1024 2055 1206 2094; x_wconf 86' lang='lat' dir='ltr'>carmen,</span> <span class='ocrx_word' id='word_1_195' title='bbox 1259 2041 1396 2082; x_wconf 81' lang='lat' dir='ltr'>obstat</span> <span class='ocrx_word' id='word_1_196' title='bbox 1447 2046 1643 2082; x_wconf 84' lang='lat' dir='ltr'>metrum.</span> 
     </span>
     <span class='ocr_line' id='line_1_30' title="bbox 233 2114 1643 2170; baseline -0.001 -14"><span class='ocrx_word' id='word_1_197' title='bbox 233 2116 435 2170; x_wconf 87' lang='lat' dir='ltr'>Plerique</span> <span class='ocrx_word' id='word_1_198' title='bbox 486 2116 676 2155; x_wconf 74' lang='lat' dir='ltr'>virorum</span> <span class='ocrx_word' id='word_1_199' title='bbox 733 2116 951 2156; x_wconf 87' lang='lat' dir='ltr'>doctorum</span> <span class='ocrx_word' id='word_1_200' title='bbox 1005 2115 1058 2156; x_wconf 89' lang='lat' dir='ltr'>ad</span> <span class='ocrx_word' id='word_1_201' title='bbox 1111 2116 1363 2156; x_wconf 83' lang='lat' dir='ltr'>sententiam</span> <span class='ocrx_word' id='word_1_202' title='bbox 1421 2114 1643 2163; x_wconf 87' lang='lat' dir='ltr'>inclinant,</span> 
     </span>
     <span class='ocr_line' id='line_1_31' title="bbox 233 2185 1642 2242; baseline -0.003 -12"><span class='ocrx_word' id='word_1_203' title='bbox 233 2189 435 2242; x_wconf 78' lang='lat' dir='ltr'>Aeschyli</span> <span class='ocrx_word' id='word_1_204' title='bbox 466 2188 654 2229; x_wconf 78' lang='lat' dir='ltr'>fabulam</span> <span class='ocrx_word' id='word_1_205' title='bbox 692 2192 730 2228; x_wconf 91' lang='grc' dir='ltr'><strong><em>Γ</em></strong></span> <span class='ocrx_word' id='word_1_206' title='bbox 727 2188 880 2238; x_wconf 56' lang='lat' dir='ltr'>zac-mg</span> <span class='ocrx_word' id='word_1_207' title='bbox 910 2185 1099 2237; x_wconf 74' lang='grc' dir='ltr'><em>Πόντιος</em></span> <span class='ocrx_word' id='word_1_208' title='bbox 1131 2187 1395 2228; x_wconf 81' lang='lat' dir='ltr'>Ciceronem.</span> <span class='ocrx_word' id='word_1_209' title='bbox 1425 2190 1499 2228; x_wconf 88' lang='lat' dir='ltr'>aut</span> <span class='ocrx_word' id='word_1_210' title='bbox 1544 2199 1642 2227; x_wconf 86' lang='lat' dir='ltr'>con-</span> 
     </span>
     <span class='ocr_line' id='line_1_32' title="bbox 234 2259 1635 2316; baseline -0.002 -14"><span class='ocrx_word' id='word_1_211' title='bbox 234 2263 410 2303; x_wconf 73' lang='lat' dir='ltr'>vertisse</span> <span class='ocrx_word' id='word_1_212' title='bbox 458 2265 531 2302; x_wconf 84' lang='lat' dir='ltr'>aut</span> <span class='ocrx_word' id='word_1_213' title='bbox 571 2262 785 2301; x_wconf 86' lang='lat' dir='ltr'>imitatum</span> <span class='ocrx_word' id='word_1_214' title='bbox 837 2273 942 2313; x_wconf 86' lang='lat' dir='ltr'>esse,</span> <span class='ocrx_word' id='word_1_215' title='bbox 994 2264 1041 2301; x_wconf 84' lang='lat' dir='ltr'>ut</span> <span class='ocrx_word' id='word_1_216' title='bbox 1092 2260 1303 2301; x_wconf 81' lang='lat' dir='ltr'>Corradus</span> <span class='ocrx_word' id='word_1_217' title='bbox 1351 2259 1635 2316; x_wconf 81' lang='lat' dir='ltr'>(,qua-esturaz</span> 
     </span>
     <span class='ocr_line' id='line_1_33' title="bbox 234 2331 1638 2388; baseline -0.002 -12"><span class='ocrx_word' id='word_1_218' title='bbox 234 2336 341 2376; x_wconf 85' lang='lat' dir='ltr'>duae</span> <span class='ocrx_word' id='word_1_219' title='bbox 374 2339 523 2388; x_wconf 57' lang='lat' dir='ltr'>partes.</span> <span class='ocrx_word' id='word_1_220' title='bbox 571 2347 752 2387; x_wconf 86' lang='lat' dir='ltr'>quarum</span> <span class='ocrx_word' id='word_1_221' title='bbox 791 2334 922 2375; x_wconf 85' lang='lat' dir='ltr'>altera</span> <span class='ocrx_word' id='word_1_222' title='bbox 969 2334 1020 2374; x_wconf 89' lang='lat' dir='ltr'>de</span> <span class='ocrx_word' id='word_1_223' title='bbox 1054 2334 1270 2374; x_wconf 85' lang='lat' dir='ltr'>Ciceronis</span> <span class='ocrx_word' id='word_1_224' title='bbox 1315 2334 1403 2373; x_wconf 86' lang='lat' dir='ltr'>vita</span> <span class='ocrx_word' id='word_1_225' title='bbox 1439 2335 1480 2373; x_wconf 87' lang='lat' dir='ltr'>et</span> <span class='ocrx_word' id='word_1_226' title='bbox 1517 2331 1638 2373; x_wconf 88' lang='lat' dir='ltr'>libris</span> 
     </span>
     <span class='ocr_line' id='line_1_34' title="bbox 243 2404 1643 2461; baseline -0.003 -10"><span class='ocrx_word' id='word_1_227' title='bbox 243 2439 518 2451; x_wconf 93' lang='grc'><strong>..........</strong></span> <span class='ocrx_word' id='word_1_228' title='bbox 530 2406 539 2426; x_wconf 65' lang='lat'><em>³</em></span> <span class='ocrx_word' id='word_1_229' title='bbox 593 2406 758 2448; x_wconf 89' lang='lat' dir='ltr'>Bonon.</span> <span class='ocrx_word' id='word_1_230' title='bbox 785 2407 908 2447; x_wconf 77' lang='lat'>1555.</span> <span class='ocrx_word' id='word_1_231' title='bbox 931 2421 970 2461; x_wconf 89' lang='lat' dir='ltr'>p.</span> <span class='ocrx_word' id='word_1_232' title='bbox 992 2406 1087 2447; x_wconf 70' lang='lat'>287.</span> <span class='ocrx_word' id='word_1_233' title='bbox 1116 2425 1164 2442; x_wconf 64' lang='grc' dir='ltr'>Ξ</span> <span class='ocrx_word' id='word_1_234' title='bbox 1189 2420 1226 2460; x_wconf 87' lang='lat' dir='ltr'>p.</span> <span class='ocrx_word' id='word_1_235' title='bbox 1251 2406 1347 2447; x_wconf 80' lang='lat'>254.</span> <span class='ocrx_word' id='word_1_236' title='bbox 1372 2405 1434 2445; x_wconf 91' lang='lat' dir='ltr'>ed.</span> <span class='ocrx_word' id='word_1_237' title='bbox 1457 2404 1643 2456; x_wconf 83' lang='lat' dir='ltr'>Ernest.)</span> 
     </span>
     <span class='ocr_line' id='line_1_35' title="bbox 233 2477 1642 2534; baseline -0.004 -12"><span class='ocrx_word' id='word_1_238' title='bbox 233 2481 366 2522; x_wconf 86' lang='lat' dir='ltr'>Andr.</span> <span class='ocrx_word' id='word_1_239' title='bbox 390 2480 604 2522; x_wconf 85' lang='lat' dir='ltr'>Schottius</span> <span class='ocrx_word' id='word_1_240' title='bbox 637 2479 892 2534; x_wconf 73' lang='lat' dir='ltr'>(,0bservatt.</span> <span class='ocrx_word' id='word_1_241' title='bbox 926 2479 1150 2521; x_wconf 65' lang='lat' dir='ltr'>humanae‘</span> <span class='ocrx_word' id='word_1_242' title='bbox 1183 2480 1210 2520; x_wconf 95' lang='grc'>1.</span> <span class='ocrx_word' id='word_1_243' title='bbox 1243 2478 1297 2520; x_wconf 89' lang='grc' dir='ltr'>Π.</span> <span class='ocrx_word' id='word_1_244' title='bbox 1333 2491 1368 2518; x_wconf 90' lang='lat' dir='ltr'>c.</span> <span class='ocrx_word' id='word_1_245' title='bbox 1398 2477 1467 2519; x_wconf 81' lang='lat'>27.</span> <span class='ocrx_word' id='word_1_246' title='bbox 1499 2490 1537 2530; x_wconf 94' lang='lat' dir='ltr'>p.</span> <span class='ocrx_word' id='word_1_247' title='bbox 1575 2477 1642 2517; x_wconf 85' lang='lat'>95.</span> 
     </span>
     <span class='ocr_line' id='line_1_36' title="bbox 235 2548 1646 2607; baseline -0.006 -11"><span class='ocrx_word' id='word_1_248' title='bbox 235 2558 276 2596; x_wconf 89' lang='lat' dir='ltr'>et</span> <span class='ocrx_word' id='word_1_249' title='bbox 307 2554 421 2606; x_wconf 68' lang='lat' dir='ltr'>‚nodi</span> <span class='ocrx_word' id='word_1_250' title='bbox 444 2552 720 2594; x_wconf 70' lang='lat' dir='ltr'>Ciceroniani‘</span> <span class='ocrx_word' id='word_1_251' title='bbox 754 2553 779 2593; x_wconf 91' lang='lat' dir='ltr'>l.</span> <span class='ocrx_word' id='word_1_252' title='bbox 803 2552 881 2594; x_wconf 89' lang='grc' dir='ltr'>ΙΙΙ.</span> <span class='ocrx_word' id='word_1_253' title='bbox 905 2565 941 2594; x_wconf 87' lang='lat' dir='ltr'>c.</span> <span class='ocrx_word' id='word_1_254' title='bbox 977 2551 1042 2594; x_wconf 88' lang='lat'>10.</span> <span class='ocrx_word' id='word_1_255' title='bbox 1066 2566 1104 2607; x_wconf 93' lang='lat' dir='ltr'>p.</span> <span class='ocrx_word' id='word_1_256' title='bbox 1139 2551 1234 2592; x_wconf 80' lang='lat'>352.</span> <span class='ocrx_word' id='word_1_257' title='bbox 1295 2549 1461 2590; x_wconf 83' lang='lat' dir='ltr'>Hanov.</span> <span class='ocrx_word' id='word_1_258' title='bbox 1499 2548 1646 2604; x_wconf 74' lang='lat'>1615.)</span> 
     </span>
     <span class='ocr_line' id='line_1_37' title="bbox 236 2621 1646 2682; baseline -0.005 -14"><span class='ocrx_word' id='word_1_259' title='bbox 236 2627 455 2668; x_wconf 87' lang='lat' dir='ltr'>Fabricius</span> <span class='ocrx_word' id='word_1_260' title='bbox 503 2624 594 2682; x_wconf 85' lang='lat' dir='ltr'>(,M.</span> <span class='ocrx_word' id='word_1_261' title='bbox 635 2626 747 2666; x_wconf 85' lang='lat' dir='ltr'>Tulli</span> <span class='ocrx_word' id='word_1_262' title='bbox 781 2624 997 2666; x_wconf 88' lang='lat' dir='ltr'>Ciceronis</span> <span class='ocrx_word' id='word_1_263' title='bbox 1029 2626 1205 2666; x_wconf 84' lang='lat' dir='ltr'>historia</span> <span class='ocrx_word' id='word_1_264' title='bbox 1236 2636 1311 2678; x_wconf 89' lang='lat' dir='ltr'>per</span> <span class='ocrx_word' id='word_1_265' title='bbox 1343 2621 1543 2663; x_wconf 87' lang='lat' dir='ltr'>consules</span> <span class='ocrx_word' id='word_1_266' title='bbox 1576 2621 1646 2662; x_wconf 86' lang='lat' dir='ltr'>de-</span> 
     </span>
    </p>
   </div>
   <div class='ocr_carea' id='block_1_4' title="bbox 1732 0 1813 2972">
    <p class='ocr_par' dir='ltr' id='par_1_6' title="bbox 1732 0 1813 2972">
     <span class='ocr_line' id='line_1_38' title="bbox 1732 0 1813 2972; baseline 0 0"><span class='ocrx_word' id='word_1_267' title='bbox 1732 0 1813 2972; x_wconf 95' lang='lat' dir='ltr'> </span> 
     </span>
    </p>
   </div>
  </div>
 </body>
</html>
