1813 2972
841 81 892 122 31

302 199 562 254 Inscriptum
620 202 712 239 erat
749 211 921 240 carmen
968 199 1029 251 ‚de
1076 198 1304 239 consulatu
1350 199 1457 240 meo‘
1505 199 1572 240 vel

154 273 361 316 similiter.
423 271 549 313 Errat
596 271 852 314 Leutschius
905 270 1130 326 (Zeitschr.
1167 269 1195 310 f.
1240 270 1280 311 d.
1320 271 1575 312 Altertums-

155 346 401 388 wissensch.
456 345 581 385 1834.
629 357 670 399 p.
723 343 818 384 161.
861 343 961 384 adn.
1011 341 1113 399 16.),
1160 355 1260 384 cum
1308 347 1446 396 negat,
1493 344 1574 384 tale

156 431 314 460 nomen
363 431 543 472 usquam
589 417 792 458 inveniri.
856 414 1044 464 Quintus
1075 415 1188 456 enim
1237 414 1367 456 frater
1405 415 1455 456 de
1489 415 1575 456 div.

154 491 188 534 I.
226 492 292 533 11.
330 491 411 542 17„
459 503 556 532 cum
604 500 752 530 versus
800 487 930 537 affert,
978 488 1146 529 disertis
1178 486 1321 528 verbis
1354 488 1491 528 utitur
1522 488 1575 539 ,in

154 564 344 606 secundo
377 564 428 605 de
460 560 722 613 consulatu‘;
756 566 976 614 praeterea
999 560 1182 614 Nonius,
1214 574 1313 601 cum
1344 559 1578 600 nonnullos

156 649 307 678 versus
330 636 461 691 ponit,
487 634 606 675 dicit:
642 632 802 684 ,Cicero
835 634 880 674 in
912 634 1138 676 consulatu
1171 632 1264 674 suo‘
1298 633 1471 688 (p.202.
1491 633 1556 672 22.

157 712 198 751 et
229 709 352 762 ,idem
384 707 636 749 consulatus
668 707 736 748 sui
765 706 838 748 lib.
872 706 940 747 11}
975 708 1028 762 (p.
1064 707 1163 747 204.
1197 705 1266 760 8.).

305 793 504 836 Divisum
529 794 665 835 fuisse
690 794 862 836 videtur
889 807 1041 848 poema
1062 794 1107 834 in
1131 792 1262 834 libros
1279 796 1379 833 tres.
1417 792 1577 845 Aperte

146 868 331 923 squidem
377 869 620 909 testimonio
668 880 756 908 non
802 866 1049 917 affirmatur,
1112 870 1208 920 apte
1254 868 1396 906 autem
1442 867 1579 905 totum

158 954 330 982 carmen
375 940 500 982 finire
549 940 652 981 mihi
697 940 867 981 videtur
905 940 1122 981 conclusio
1161 939 1275 980 tertii
1306 937 1416 991 libri,
1449 949 1579 992 quam

157 1014 304 1056 Cicero
327 1015 416 1069 ipse
448 1014 493 1054 in
525 1013 705 1067 epistula
736 1014 789 1054 ad
819 1014 907 1055 Att.
940 1013 997 1055 ΙΙ.
1035 1014 1071 1054 3.
1097 1013 1134 1054 3.
1167 1011 1303 1053 affert:
1338 1024 1417 1064 ,me
1448 1027 1579 1052 κατα-

158 1086 315 1139 nasib-³⁶)
347 1100 442 1128 mea
471 1087 545 1128 illa
576 1090 826 1140 commovet,
849 1099 956 1140 quae
985 1086 1111 1127 estin
1133 1084 1240 1125 libro
1262 1085 1385 1125 tertio

278 1162 452 1213 ‚interea
483 1172 635 1201 cursus
676 1171 785 1213 quos
817 1159 954 1212 prima
994 1171 1017 1198 a
1047 1161 1164 1212 parte
1195 1158 1396 1198 iuventae

279 1245 474 1287 quosque
507 1231 611 1272 adeo
645 1231 798 1273 consul
830 1231 988 1272 virtute
1020 1230 1250 1282 animoque
1272 1231 1430 1284 petisti,

277 1305 354 1346 hos
385 1305 521 1346 retine
553 1307 681 1358 atque
714 1316 822 1358 auge
843 1303 999 1344 famam
1031 1303 1270 1357 laudesque
1304 1302 1543 1344 bonorum}

308 1377 533 1419 Praeterea
579 1381 664 1418 tres
710 1377 810 1418 libri
871 1377 1118 1418 consulatus
1180 1379 1273 1430 apte
1318 1375 1581 1430 respondent

157 1451 298 1493 tribus
343 1450 466 1492 libris
505 1450 711 1504 poematis
749 1450 813 1503 ,de
844 1449 1108 1504 temporibus
1140 1448 1260 1490 meis<
1292 1449 1496 1503 inscripti,
1529 1448 1580 1490 de

161 1537 248 1579 quo
279 1523 391 1564 infra
423 1522 652 1564 dicendum
685 1523 775 1564 erit.

308 1609 492 1651 Exstant
535 1610 651 1651 haud
687 1610 746 1651 ita
782 1609 918 1650 multa
946 1608 1185 1662 fragmenta
1223 1608 1380 1662 aliique
1412 1608 1495 1648 loci
1528 1607 1582 1648 ad

162 1685 242 1725 hoc
275 1696 446 1724 carmen
478 1674 730 1737 spectantes,
760 1683 819 1724 ita
840 1685 888 1723 ut
910 1682 961 1723 de
985 1681 1262 1735 dispositione
1285 1693 1429 1722 rerum
1445 1693 1582 1736 pauca

161 1760 331 1798 tantum
363 1757 556 1797 conicere
587 1757 815 1811 possimus.
876 1755 1006 1795 Initio
1032 1755 1160 1808 primi
1178 1753 1278 1794 libri
1315 1753 1424 1794 illud
1456 1766 1580 1794 omen
1630 1780 1631 1783 ,

161 1829 412 1871 consulatus
454 1828 592 1869 futuri
630 1832 849 1869 narratum
889 1839 980 1868 esse
1032 1827 1213 1879 videtur,
1262 1827 1377 1882 quod
1421 1826 1580 1868 factum

162 1905 228 1944 est
263 1901 483 1943 Terentiae
528 1905 703 1943 auctore
752 1901 898 1943 Servio
938 1900 991 1942 ad
1027 1899 1156 1954 Verg.
1194 1899 1287 1941 Ecl.
1320 1899 1438 1941 VIII.
1474 1900 1580 1942 106:

164 1978 327 2029 ‚sponte
358 1988 438 2016 sua
461 1976 480 2029 s
506 1975 598 2016 sine
631 1977 731 2029 igne
763 1973 906 2015 subito
939 1986 994 2014 ex
1024 1974 1130 2028 ipsis
1163 1973 1379 2015 cineribus
1411 1973 1583 2016 flamma

165 2047 349 2088 emersit.
412 2046 507 2090 Hoc
552 2049 681 2089 uxori
726 2047 940 2089 Ciceronis
985 2047 1142 2088 dicitur
1186 2047 1433 2102 contigisse:
1484 2061 1582 2089 cum

164 2123 260 2175 post
295 2124 518 2174 peractum
555 2120 812 2163 sacrificium
852 2120 985 2162 libare
1028 2120 1157 2161 vellet
1195 2120 1242 2161 in
1283 2121 1480 2174 cinerem,
1528 2135 1583 2164 ex

164 2195 255 2248 ipso
299 2194 441 2235 cinere
471 2192 646 2235 flamma
676 2195 876 2247 surrexit,
924 2206 1034 2248 quae
1065 2192 1238 2234 flamma
1275 2195 1424 2235 eodem
1470 2209 1582 2236 anno

165 2267 386 2308 consulem
417 2266 612 2308 futurum
643 2267 828 2308 ostendit
851 2268 945 2308 eius
977 2267 1192 2320 maritum,
1224 2268 1336 2309 sicut
1358 2267 1505 2310 Cicero
1537 2270 1582 2309 in

167 2352 244 2381 sno
276 2343 455 2381 testatur
485 2339 706 2394 poemat&
738 2364 795 2370 -
818 2339 984 2382 Deinde
1015 2341 1062 2380 in
1093 2340 1202 2381 libro
1233 2341 1369 2395 primo
1400 2341 1581 2384 finxisse

308 2498 348 2544 *)
385 2498 559 2535 κατακλειέ
595 2498 826 2543 probabiliter
863 2500 1069 2535 emendavit
1092 2499 1288 2535 Turnebus.
1315 2499 1423 2536 Codd.
1449 2501 1581 2536 habent

166 2573 364 2606 κατακρεσις
388 2560 447 2595 vel
470 2572 627 2604 κατ(ισις;
654 2560 818 2595 Similiter
844 2564 1049 2605 corYuptuln
1075 2563 1131 2596 est
1154 2561 1328 2598 κατακλείς
1355 2563 1399 2598 ad
1419 2562 1491 2598 Att.
1517 2563 1578 2598 IX.

169 2619 224 2655 18.
250 2621 284 2657 3.
309 2621 347 2656 in
371 2635 517 2658 κατακις.
