1813 2972
932 127 986 167 38

247 245 493 287 scholiastes
541 258 712 301 quoque
759 249 873 286 recte
905 244 1089 296 adnotat,
1133 256 1303 285 carmen
1335 244 1401 284 his
1433 242 1574 284 verbis
1606 243 1661 284 si-

247 317 457 372 gnificari,
491 322 602 360 errat
634 322 789 371 autem,
821 320 871 358 ut
903 329 958 358 ex
988 317 1040 357 iis
1075 328 1183 369 quae
1215 329 1344 370 supra
1376 316 1556 370 exposui
1591 328 1661 368 ap-

247 395 377 445 paret,
411 391 525 445 quod
547 392 764 432 existimat
786 402 960 431 carmen
984 389 1048 442 ,de
1071 383 1307 430 consulatut
1333 388 1660 442 intelligendum

249 462 397 518 esse.÷÷)
460 463 538 504 Cui
565 464 826 505 adnotationi
859 475 944 504 non
976 462 1104 502 nimis
1138 461 1320 502 multum
1343 459 1660 501 attribuendum

249 540 313 578 est
350 549 490 590 neque
540 540 686 577 nostra
726 536 799 576 illa
831 536 1041 576 sententia
1079 535 1130 575 de
1163 533 1330 575 duobus
1363 533 1541 574 diversis
1573 545 1663 573 car-

249 608 438 649 minibus
469 608 758 649 labefactatur.
820 607 930 648 Nam
962 611 1113 648 notum
1145 610 1218 659 est,
1250 605 1409 646 scholia
1435 604 1664 646 Bobiensia

251 681 419 722 saeculo
454 684 606 735 quarto
639 683 713 721 aut
746 680 895 733 quinto
929 680 1172 733 composita,
1206 679 1371 720 etiamsi
1403 691 1425 719 e
1457 681 1574 732 parte
1612 677 1665 718 ad

235 754 485 813 ‘Asconium
527 752 762 794 Pedianum
809 764 1028 792 recurrere
1060 753 1270 805 videntur,
1321 754 1464 792 tamen
1498 750 1665 804 saepius

248 826 355 868 salsa
387 830 427 868 et
458 838 656 880 perversa
685 824 898 879 praebere.

393 898 608 939 Finiverat
640 897 786 939 Cicero
834 909 1004 937 carmen
1044 895 1094 936 de
1143 896 1293 937 exsilio
1325 896 1550 950 redituque
1581 896 1679 946 iam⁴

252 985 288 1012 a.
339 973 420 1024 55.,
459 972 532 1013 sed
581 969 801 1011 dubitabat
846 970 893 1009 in
937 968 1159 1023 publicum
1208 968 1332 1009 edere
1380 968 1450 1024 (cf.
1493 968 1546 1008 ad
1578 968 1667 1009 Att.

251 1043 326 1085 IV.
362 1043 429 1086 Sb,
478 1045 513 1084 3.
548 1042 600 1098 (a.
635 1042 724 1098 55.)
771 1043 835 1096 ‚de
881 1045 1072 1096 poemate
1121 1041 1234 1095 quod
1269 1041 1450 1095 quaeris⁷
1497 1040 1601 1094 quid
1633 1040 1669 1081 si

253 1117 397 1170 cupiat
419 1115 632 1168 effugere?
664 1114 792 1169 quid?
826 1115 996 1167 sinas?‘‚
1031 1115 1082 1155 cf.
1100 1114 1152 1154 ad
1177 1113 1276 1156 fam.
1299 1113 1333 1156 Ι.
1359 1115 1398 1156 9.
1424 1114 1493 1154 23.
1527 1112 1669 1165 ,libros

253 1189 304 1230 de
336 1188 598 1243 temporibus
645 1190 763 1241 meis,
811 1201 917 1242 quos
965 1189 1050 1228 iam
1082 1187 1245 1241 pridem
1277 1187 1329 1227 ad
1370 1190 1409 1227 te
1446 1186 1671 1239 misissem,

253 1262 288 1303 si
321 1274 413 1303 esse
449 1261 635 1303 edendos
652 1260 914 1315 putasscm‘).
957 1260 1140 1301 Causam
1175 1272 1267 1301 esse
1291 1259 1440 1301 scribit
1471 1257 1541 1313 (ad
1572 1258 1670 1301 fam.

253 1334 285 1376 I.
323 1335 360 1376 9.
397 1333 497 1387 23),
529 1347 616 1375 non
641 1335 754 1388 quod
776 1335 972 1376 inimicos
1004 1335 1184 1385 timeret,
1218 1345 1326 1386 quos
1357 1344 1482 1386 parce
1505 1334 1671 1372 tantum

255 1410 293 1448 et
316 1407 500 1447 molliter
521 1408 751 1448 insectatus
775 1411 895 1459 esset,
930 1407 1004 1448 sed
1033 1407 1147 1460 quod
1178 1410 1409 1457 vereretur,
1441 1408 1490 1446 ut
1512 1417 1672 1457 omnes,

256 1480 327 1533 qui
362 1479 412 1520 de
445 1479 585 1520 reditu
618 1481 757 1520 meriti
795 1483 947 1528 essent,
995 1492 1177 1533 quorum
1220 1490 1429 1518 numerus
1461 1480 1571 1518 esset
1606 1478 1673 1517 in-

254 1551 414 1604 finitus,
455 1553 555 1593 satis
588 1553 633 1593 in
666 1554 852 1594 carmine
885 1553 1160 1593 nobilitasset.
1222 1550 1335 1591 Vera
1367 1562 1498 1590 causa
1529 1550 1672 1590 nescio

255 1638 308 1665 an
340 1625 479 1675 fuerit,
514 1626 627 1678 quod
660 1638 727 1666 res
750 1625 945 1680 publicae
977 1629 1067 1666 tum
1101 1625 1226 1665 etiam
1261 1624 1388 1664 nimis
1414 1622 1672 1663 fluctuantes

255 1699 293 1739 ei
341 1710 432 1739 esse
471 1697 740 1750 videbantur,
789 1712 918 1752 quam
966 1702 1013 1739 ut
1059 1699 1150 1738 sine
1194 1696 1282 1737 ullo
1329 1694 1520 1749 periculo
1567 1693 1673 1734 illud

254 1783 404 1825 poema
451 1770 518 1812 edi
563 1783 688 1824 posse
731 1775 913 1825 putaret.
983 1770 1140 1819 Quinto
1188 1773 1354 1810 tantum
1400 1767 1518 1808 fratri
1564 1766 1671 1807 clam

252 1845 337 1884 iam
370 1857 405 1886 a.
442 1844 508 1884 55.
541 1844 730 1883 miserat:
765 1843 849 1884 huc
883 1844 995 1884 enim
1029 1843 1244 1897 aptissime
1274 1841 1453 1882 arbitror
1482 1839 1673 1880 revocari

254 1917 325 1957 illa
374 1929 428 1957 ex
475 1929 537 1970 ep.
572 1916 624 1956 ad
658 1914 704 1964 Q.
738 1916 785 1956 fr.
818 1916 872 1956 Π.
908 1916 945 1956 9.
983 1916 1019 1956 1.
1069 1916 1116 1968 (a.
1150 1913 1237 1969 55.)
1285 1913 1554 1968 ,placiturum
1595 1911 1673 1952 tibi

256 2002 347 2031 esse
376 1989 535 2030 librum
565 2002 707 2030 meum
731 1988 996 2043 suspicabar:
1030 1996 1114 2028 tam
1148 1987 1270 2028 valde
1298 1986 1510 2040 placuisse
1544 1997 1673 2038 quam

256 2062 406 2103 scribis
441 2062 560 2103 valde
588 2062 753 2116 gaudeo
787 2074 819 2102 e.
855 2076 893 2115 q.
928 2061 972 2102 sf
1036 2061 1084 2102 A.
1120 2061 1184 2099 54.
1219 2062 1362 2099 autem
1384 2070 1534 2112 poema
1565 2057 1672 2098 iuris

257 2135 416 2189 public-i
462 2136 621 2176 factum
669 2148 758 2176 esse
805 2133 986 2175 videtur.
1053 2133 1146 2173 Iam
1192 2133 1238 2172 in
1279 2131 1352 2171 illa
1400 2130 1582 2185 epistula
1619 2129 1671 2170 ad

256 2207 485 2249 Lentulum
533 2212 583 2258 (a.
628 2205 713 2261 54.)
760 2207 970 2261 promisit⁷
1014 2218 1058 2247 se
1103 2217 1271 2246 carmen
1323 2205 1461 2258 prima
1505 2214 1672 2256 quaque

258 2282 479 2322 occasione
513 2280 607 2321 data
646 2280 683 2320 ei
727 2281 959 2321 missurum
995 2291 1098 2320 esse.
1162 2277 1324 2318 Eodem
1364 2288 1476 2317 anno
1509 2274 1674 2327 Caesar,

399 2410 430 2455 *)
470 2408 689 2444 Scholiastae
725 2408 837 2444 verba
875 2410 973 2443 sunt:
1017 2409 1218 2450 ‚suffecerat
1252 2407 1348 2441 enim
1380 2406 1422 2440 de
1448 2415 1489 2440 ea
1516 2407 1673 2441 oratione

260 2472 405 2513 dixisse,
433 2481 503 2515 qua
528 2470 586 2504 vel
613 2470 752 2504 senatui
778 2469 836 2503 vel
862 2470 990 2514 populo
1017 2470 1147 2513 gratias
1169 2468 1252 2514 egit.
1301 2467 1407 2501 Nunc
1433 2468 1549 2501 autem
1577 2469 1613 2501 et
1630 2468 1672 2502 de

263 2533 422 2566 versibus
453 2532 528 2567 suis
559 2531 675 2565 facere
701 2531 918 2565 mentionem
943 2531 1095 2572 videtur,
1131 2539 1220 2574 quos
1244 2527 1537 2571 intempestivum
1564 2527 1611 2561 sit
1633 2527 1672 2561 in

260 2592 418 2627 iudiciali
451 2592 698 2627 dissertatione
730 2592 889 2629 recitare,
941 2591 1020 2626 Non
1055 2591 1170 2635 potuit
1201 2594 1321 2624 tamen
1352 2588 1390 2622 in
1415 2590 1526 2623 totum
1559 2588 1601 2622 de
1626 2587 1673 2622 iis

261 2657 386 2688 tacere.
436 2653 529 2688 Nam
556 2653 598 2687 de
625 2652 811 2687 consulatu
835 2663 901 2687 suo
928 2653 1073 2696 scripsit
1097 2650 1238 2695 poetico
1263 2650 1399 2684 men-of
