1813 2972
839 125 895 166 49

301 238 416 280 Illud
464 240 509 280 in
556 240 751 283 Tironem
799 241 1058 295 epigramma
1103 250 1207 278 num
1244 249 1289 277 re
1329 250 1428 278 vera
1461 237 1575 279 Cico-

161 312 392 353 ronianum
459 314 512 354 sit
576 314 713 355 adhuc
772 325 917 364 nemo,
978 310 1091 364 quod
1155 310 1302 361 sciam,
1355 310 1575 362 dubitavit,

161 384 234 425 sed
277 385 381 425 mihi
423 386 596 439 quidem
628 386 749 426 valde
782 383 1065 425 dubitandum
1098 394 1190 423 csse
1221 381 1401 422 videtur.
1465 381 1575 421 Nam

161 457 371 498 eiusmodi
411 459 558 500 sordes
589 460 775 499 maxime
809 456 1051 509 discrepant
1083 454 1134 494 ab
1183 452 1381 494 omnibus
1413 455 1576 506 ceteris,

160 542 271 583 quae
321 531 371 572 de
419 530 634 572 Ciceronis
680 532 836 570 natura
879 527 1159 581 moribusque
1215 527 1390 579 scimus,
1436 538 1575 579 neque

159 601 249 642 ullo
288 603 373 643 alio
411 603 503 643 loco
535 601 776 643 traduntur.
841 600 965 640 Asini
998 604 1142 642 autem
1182 598 1293 640 Galli
1331 599 1575 639 testimonio

159 687 246 715 non
293 675 420 716 nimis
466 674 650 714 multum
699 673 1021 716 attribuendum
1067 685 1160 714 esse
1209 675 1327 726 puto.
1404 669 1455 710 In
1504 670 1576 710 illo

159 747 273 788 enim
305 746 413 787 libro
447 750 597 787 notum
645 750 708 788 est
753 759 853 788 eum
900 746 943 787 id
989 759 1126 788 unum
1171 746 1318 799 egisse,
1367 746 1412 784 ut
1459 744 1576 784 omni

159 820 283 860 modo
329 822 492 873 patrem
538 819 802 873 nobilitaret,
850 818 1099 861 Ciceronem
1140 817 1390 860 detraheret.
1465 814 1576 864 Quot

153 883 303 932 'autem
325 891 549 946 opprobria
582 892 641 934 ibi
664 891 857 934 Ciceroni
891 892 987 933 data
1020 893 1193 933 omnino
1217 889 1513 932 commenticia
1535 892 1576 929 et

159 977 287 1017 quam
340 966 482 1018 turpia
536 965 791 1020 sordidaque
843 965 1021 1016 fuerint,
1066 963 1168 1004 inde
1214 966 1415 1017 apparet,
1459 961 1576 1016 quod

159 1035 364 1078 Claudius
386 1038 613 1091 imperator
644 1038 715 1091 (cf.
740 1038 911 1080 Sueton.
935 1035 1082 1079 Claud.
1118 1033 1222 1091 41.),
1253 1038 1301 1076 ut
1329 1034 1578 1076 Ciceronem

159 1109 402 1151 defenderet
433 1114 731 1165 purgaretque,
765 1109 1024 1164 singularem
1056 1108 1215 1149 librum
1239 1108 1420 1162 scripsit,
1452 1110 1493 1148 et
1521 1120 1577 1148 ex

157 1182 243 1224 illis
276 1182 386 1224 Gelli
416 1183 559 1225 verbis
590 1188 704 1237 patet
736 1182 808 1238 (N.
841 1183 894 1223 A.
927 1180 1070 1222 XVII.
1113 1182 1150 1221 1.
1188 1181 1355 1233 1—3.):
1389 1184 1450 1232 ‚ut
1482 1181 1577 1234 qui-

159 1254 256 1295 dam
287 1254 463 1296 fuerunt
497 1260 685 1297 monstra
715 1256 951 1307 hominum,
999 1253 1113 1308 quod
1161 1252 1212 1294 de
1259 1252 1330 1294 dis
1360 1253 1577 1294 immorta-

157 1326 272 1368 libus
311 1328 464 1382 impios
505 1328 718 1382 falsasque
758 1329 981 1383 opiniones
1019 1326 1317 1381 prodiderunt,
1367 1326 1426 1366 ita
1471 1337 1578 1366 non-

157 1401 267 1442 nulli
313 1404 399 1442 tam
445 1401 677 1456 prodigiosi
723 1406 898 1455 tamque
945 1399 1149 1441 vecordes
1197 1399 1478 1450 exstiterunt,
1530 1398 1576 1438 in

159 1474 320 1529 quibus
363 1478 465 1516 sunt
504 1474 652 1516 Gallus
691 1475 872 1516 Asinius
911 1476 951 1514 et
993 1472 1176 1527 Largius
1219 1470 1405 1525 Licinus,
1448 1471 1574 1512 cuius

156 1547 265 1588 liber
295 1548 423 1589 etiam
443 1547 579 1588 fertur
599 1548 772 1589 infando
805 1547 931 1588 titulo
965 1545 1282 1597 Ciceromastix,
1314 1547 1362 1584 ut
1390 1542 1576 1584 scribere

157 1621 251 1661 ausi
283 1621 379 1673 sint,
411 1619 469 1662 M.
504 1619 753 1662 Ciceronem
799 1633 950 1674 parum
980 1620 1146 1672 integre
1178 1620 1305 1670 atque
1346 1616 1577 1670 improprie

158 1696 286 1747 atque
317 1693 628 1735 inconsiderate
653 1694 862 1734 locutum.
923 1691 1067 1745 Atque
1100 1690 1182 1731 alia
1212 1689 1434 1744 quaedam,
1467 1701 1576 1743 quae

157 1765 534 1820 reprehenderunt,
580 1779 721 1821 neque
768 1765 884 1805 dictu
927 1776 1068 1818 neque
1099 1763 1250 1804 auditu
1288 1762 1418 1816 digna
1448 1761 1575 1803 sunt.<

159 1837 278 1888 Quae
310 1851 408 1880 cum
440 1840 499 1879 ita
531 1840 629 1893 sint,
661 1851 738 1894 ego
770 1838 943 1892 quidem
976 1836 1156 1878 arbitror
1176 1836 1300 1877 facile
1330 1835 1424 1876 fieri
1454 1838 1578 1890 potu-

157 1912 254 1965 isse,
300 1914 350 1953 ut
380 1912 561 1953 Asinius
607 1911 724 1952 illam
766 1909 980 1958 sordidam
1016 1911 1129 1951 inter
1161 1909 1406 1950 Ciceronem
1441 1911 1481 1950 et
1510 1908 1578 1948 Ti-

158 1997 306 2026 ronem
365 1985 719 2026 consuetudinem
790 1983 986 2037 illudque
1039 1984 1298 2038 epigramma
1355 1983 1577 2024 commini-

160 2061 352 2098 sceretur
383 2058 452 2098 vel
483 2057 534 2098 ab
577 2058 671 2098 aliis
717 2056 867 2098 fictum
899 2060 1118 2110 tamquam
1148 2068 1293 2097 verum
1341 2056 1387 2096 in
1418 2055 1578 2096 librum

159 2143 285 2172 suun]
319 2131 538 2185 reciperet.
570 2154 628 2161 -—

302 2204 355 2244 In
402 2204 645 2258 anthologia
675 2203 828 2245 Latina
874 2202 1041 2254 (Burm.
1073 2204 1174 2242 tom.
1212 2200 1243 2241 Ι.
1290 2213 1329 2255 p.
1363 2200 1460 2242 307.
1502 2199 1575 2242 lib.

157 2276 213 2318 Π.
245 2289 308 2332 ep.
345 2277 459 2329 128.)
505 2279 726 2331 praeterea
772 2276 826 2317 ad
858 2275 1106 2316 Ciceronem
1151 2273 1333 2316 refertur
1379 2273 1460 2314 hoc
1495 2273 1576 2327 epi-

157 2363 366 2406 gramma:

372 2422 635 2476 ,vigilantem
666 2421 874 2463 habemus
907 2421 1125 2462 consulem
1158 2419 1402 2471 Caninium3

370 2496 414 2536 in
449 2495 674 2536 consulatu
706 2507 905 2536 somnum
936 2505 1024 2533 non
1061 2491 1163 2532 vidit
1196 2491 1300 2532 suo}

159 2567 278 2609 Haec
320 2567 452 2609 verba
499 2571 690 2622 spectant
737 2567 790 2608 ad
823 2566 865 2607 C.
899 2565 1128 2606 Caninium
1159 2563 1372 2617 Rebilum,
1419 2563 1495 2617 qui
1528 2561 1574 2612 Q.

159 2639 290 2682 Fabio
314 2639 516 2694 Maximo,
547 2640 722 2682 consule
755 2640 860 2681 anni
891 2629 974 2692 44„
1004 2637 1140 2692 pridie
1172 2637 1253 2679 kal.
1285 2636 1382 2678 Jan.
1404 2639 1574 2678 mortuo

1288 2714 1312 2748 4
