1813 2972
868 88 922 127 32

191 203 339 246 Cicero
386 206 557 247 videtur
599 218 645 247 se
687 207 733 245 in
785 204 1017 245 concilium
1064 203 1242 246 deorum
1289 205 1498 259 advocari,
1529 207 1603 247 ubi

191 277 390 332 Juppiter
421 279 460 319 ei
492 277 751 324 ostendebat,
785 280 945 330 quanta
975 276 1164 330 pericula
1193 278 1352 330 patriae
1382 280 1605 331 instarent,

190 354 231 391 et
262 349 466 403 Minerva,
514 349 671 404 quibus
720 349 883 390 artibus
929 349 1108 403 patriam
1156 360 1327 391 servare
1363 356 1517 404 posset,
1549 351 1602 392 cf.

189 422 361 464 Sallust.
383 424 427 463 in
455 423 511 463 M.
530 422 719 463 Tullium
739 423 891 462 invect.
910 421 963 462 Π.
997 420 1036 462 3.
1069 453 1097 474 ,.
1119 453 1128 463 .
1147 420 1316 463 ‚Cicero
1347 435 1393 464 se
1425 423 1528 464 dicit
1558 425 1602 464 in

189 495 368 536 concilio
408 495 581 536 deorum
616 495 924 535 immortalium
970 494 1113 546 fuisse,
1145 494 1244 535 inde
1292 495 1469 536 missum
1501 497 1602 537 huic

189 568 286 609 urbi
331 567 585 621 civibusque
618 566 865 608 custodem}
907 566 1008 607 ibid.
1053 566 1128 608 IV.
1179 567 1213 607 7.
1261 568 1348 619 ,sed
1375 569 1492 622 ‘quid
1525 581 1602 623 ego

187 641 310 695 plura
342 640 393 681 de
425 644 500 681 tua
543 639 771 680 insolentia
812 640 1167 680 commemorem?
1239 639 1375 688 Quem
1407 641 1602 682 Minerva

191 714 328 754 omnis
362 714 463 753 artis
496 712 677 764 edocuit,
722 711 913 765 Iuppiter
957 713 1143 765 optimus
1176 714 1392 755 maximus
1425 715 1471 754 in
1503 726 1603 754 con-

188 786 330 827 cilium
349 786 525 826 deorum
543 783 741 825 admisit}
806 783 1097 832 Quintilianus
1121 785 1219 825 inst.
1256 790 1356 827 orat.
1378 785 1458 828 XI.
1481 786 1514 825 1.
1534 787 1601 826 24.

188 872 287 909 ,non
320 858 539 898 desierunt
570 869 741 910 carpere
774 857 951 911 maligni

330 930 492 983 ,cedant
539 942 655 969 arma
702 933 835 983 togae,
866 929 1071 970 concedat
1100 929 1245 970 laurea
1275 930 1460 984 linguae‘

187 1007 227 1044 et
486 1060 489 1062 q

328 1088 363 1128 ,o
394 1075 650 1116 fortunatam
682 1078 825 1115 natam
858 1087 925 1116 me
958 1075 1133 1116 consule
1163 1073 1356 1115 Romam‘

186 1152 226 1190 et
241 1149 388 1190 Iovem
420 1148 554 1201 illum,
587 1161 610 1187 a
643 1160 727 1201 quo
759 1148 804 1187 in
830 1147 1059 1188 concilium
1083 1148 1260 1189 deorum
1283 1147 1526 1199 advocatur,
1560 1151 1601 1188 et

186 1221 437 1273 Minervam,
470 1232 578 1275 quae
611 1223 721 1261 artes
754 1233 852 1261 eum
885 1220 1055 1261 docuit.t
1122 1220 1175 1262 In
1206 1220 1308 1261 Iove
1341 1223 1382 1260 et
1405 1219 1599 1260 Minerva

185 1294 260 1335 tali
291 1293 415 1334 modo
449 1293 701 1334 adhibendis
723 1296 846 1347 poeta
867 1293 1060 1334 imitatus
1083 1297 1144 1334 est
1165 1292 1379 1346 quaedam
1407 1292 1602 1346 exempla

187 1367 348 1408 Graeca
379 1367 621 1408 testimonio
656 1364 923 1418 Quintiliani,
961 1362 1095 1419 qui‘l.
1130 1378 1163 1406 c.
1194 1366 1332 1419 pergit
1363 1378 1488 1420 ,quae
1520 1365 1602 1406 sibi

185 1440 257 1480 ille
300 1444 475 1481 secutus
529 1438 740 1493 quaedam
785 1438 1045 1479 Graecorum
1087 1438 1282 1492 exempla
1320 1437 1600 1492 permiserat}

187 1511 459 1553 Manifestum
509 1516 572 1553 est
605 1512 683 1552 hoc
714 1511 987 1552 referendum
1034 1524 1124 1553 esse
1171 1511 1225 1552 ad
1270 1510 1418 1551 Iovem
1451 1513 1492 1552 et
1522 1509 1602 1550 Mi-

187 1598 374 1639 nervam,
406 1597 494 1626 non
526 1588 639 1626 recte
660 1584 879 1625 Heusdius
912 1584 950 1636 (l.
977 1597 1067 1638 c.p.
1089 1582 1175 1638 55.)
1209 1584 1274 1624 his
1305 1582 1449 1623 verbis
1469 1583 1603 1624 nixus

186 1662 323 1700 totum
355 1670 526 1699 carmen
563 1657 615 1698 ad
655 1657 913 1698 Graecorum
961 1657 1207 1710 exemplum
1254 1654 1475 1696 conditum
1512 1666 1633 1694 esse·

187 1731 356 1772 iudicat.
421 1729 537 1779 Quos
570 1734 710 1771 autem
746 1730 972 1784 scriptores
1012 1728 1195 1769 Graecos
1235 1726 1382 1768 Cicero
1413 1728 1606 1768 imitatus

189 1805 253 1857 sit,
286 1804 416 1845 statui
447 1816 534 1843 non
556 1806 705 1857 potest.
771 1803 827 1842 At
860 1802 1065 1844 Baehrius
1099 1799 1315 1856 (Heidelb.
1348 1799 1494 1842 Jahrb.
1531 1800 1606 1840 der

188 1876 373 1918 Litterat.
410 1876 533 1917 1847.
566 1889 603 1929 p.
639 1876 749 1925 355.)
782 1876 1008 1928 existimat,
1029 1874 1101 1914 illa
1134 1872 1388 1922 Quintiliani
1421 1873 1472 1914 de
1503 1872 1606 1913 Iove

191 1954 231 1990 et
262 1949 456 1990 Minerva
488 1948 628 2000 verba,
674 1948 788 2003 quod
835 1949 882 1988 in
927 1948 980 1988 iis
1027 1947 1207 2000 vestigia
1259 1946 1605 1987 hexametrorum

190 2023 376 2063 inveniri
421 2035 507 2062 non
554 2023 731 2076 possint,
778 2034 825 2062 ea
874 2021 925 2062 de
964 2032 1092 2061 causa
1133 2031 1186 2060 ex
1220 2018 1313 2071 aliis
1346 2017 1607 2058 carminibus

194 2096 439 2150 deprompta
471 2108 576 2137 esse.
639 2094 722 2136 Sed
754 2094 880 2134 cuius
912 2092 1022 2134 alius
1053 2092 1221 2147 generis
1253 2103 1404 2132 versus
1435 2091 1482 2130 in
1512 2090 1605 2131 loco

191 2169 264 2209 illo
296 2169 454 2209 lateant
485 2171 525 2208 et
557 2168 626 2208 cui
659 2167 714 2207 ali
746 2167 924 2207 carmini
962 2164 1187 2219 delegandi
1226 2165 1321 2216 sint,
1358 2164 1425 2204 vir
1456 2163 1606 2203 doctus

193 2254 279 2282 non
312 2241 414 2281 dicit
445 2242 608 2294 vixque
642 2241 874 2294 quisquam
918 2238 1044 2281 dicat.
1116 2237 1210 2279 Meo
1245 2222 1417 2291 quidem
1446 2235 1605 2276 iudicio

194 2315 409 2369 aptissime
440 2314 513 2354 illa
545 2311 674 2353 verba
706 2311 759 2352 ad
790 2311 902 2352 idem
936 2311 987 2352 de
1020 2310 1247 2352 consulatu
1283 2321 1453 2351 carmen
1484 2320 1606 2348 revo-

194 2391 361 2428 cantur.
422 2386 569 2427 Soluta
609 2389 750 2426 autem
798 2385 988 2424 oratione
1035 2396 1144 2425 usus
1191 2385 1254 2424 est
1301 2380 1606 2432 Quintilianus,

193 2473 280 2501 non
311 2460 465 2512 vincta,
503 2463 551 2500 ut
582 2458 701 2500 brevi
747 2461 855 2508 ante,
902 2456 1015 2511 quod
1058 2456 1156 2497 illae
1199 2455 1308 2495 duae
1343 2454 1390 2494 in
1423 2451 1605 2506 Olympo

193 2545 273 2585 res,
296 2536 343 2573 ut
360 2532 637 2573 manifestum
660 2534 735 2584 est,
752 2529 1043 2584 compluribus
1061 2526 1261 2570 versibus
1279 2525 1610 2567 continebantur

195 2604 520 2658 verebaturque,
567 2617 620 2645 ne
667 2603 823 2656 longus
871 2605 1000 2645 esset:
1047 2604 1171 2643 antea
1208 2599 1400 2655 singulos
1438 2600 1606 2640 tantum
