1813 2972
832 111 856 150 3

277 225 465 268 Adhibui
498 227 541 267 in
577 226 901 280 quaestionibus
947 226 1052 268 meis
1098 229 1265 280 praeter
1306 228 1546 270 litterarum

136 296 429 339 Romanarum
462 298 658 339 historias
692 298 868 353 (Baehri
908 295 1071 339 41868.
1115 298 1348 339 Bernhardi
1381 298 1544 343 51872.

136 369 316 412 Teuffeli
354 368 373 398 4
394 371 535 425 1882.)
569 375 609 412 et
642 370 833 424 singulas
867 369 917 410 de
950 369 1132 422 singulis
1165 370 1427 411 carminibus
1462 372 1545 414 dis-

137 443 398 495 sertationes,
430 455 538 497 quae
571 454 649 484 suo
683 454 877 495 quaeque
916 441 1008 482 loco
1041 440 1282 494 afferentur,
1319 442 1544 496 imprimis:

277 514 519 556 Drumanni
551 527 656 568 opus
691 513 754 567 ,de
786 514 963 555 historia
995 512 1183 565 Romae‘,

277 587 442 629 Heusdi
487 586 645 627 librum
691 585 761 638 ,M.
813 585 976 627 Tullius
1036 585 1181 627 Cicero
1242 584 1542 642 φιλοπλάτωνκ

133 660 239 714 Traj.
272 660 324 701 ad
355 659 489 700 Rhen.
525 658 651 698 1836.

275 729 423 773 Poesis
457 730 744 783 Ciceroniana,
789 732 824 772 si
857 730 1097 785 complures
1143 732 1413 784 tempestates
1461 731 1542 771 dis·
1568 748 1757 788 vasus-100-

135 816 304 846 cernere
336 803 550 857 volumus,
583 804 798 857 aptissime
831 803 938 844 duas
977 804 1020 843 in
1067 807 1206 857 partes
1257 802 1391 843 dividi
1438 790 1768 858 1111111εῑι.ζζι’ἷ;”ἷ“”ἱῖἷῖμ-

102 876 311 928 ‘videtum
346 889 526 929 quarum
559 877 675 930 prior
710 876 1056 928 adulescentiam,
1103 875 1232 916 altera
1264 876 1538 929 posteriorem
1569 861 1643 884 ''⁰¹⁴'‘
1664 858 1766 885 ⁵¹'³‘¹³¹‘

131 952 309 990 aetatem
357 949 670 1002 complectitur3
720 952 967 989 accuratum
1017 951 1160 989 autem
1207 947 1387 988 limitem
1433 949 1544 988 inter

132 1021 215 1062 duo
247 1021 350 1062 haec
383 1023 519 1076 spatia
552 1034 676 1076 agere
708 1034 795 1062 11011
821 1021 930 1071 licet,
963 1023 1148 1061 attamen
1180 1020 1434 1073 generaliter
1464 1021 1544 1062 iter

130 1094 252 1147 illud,
286 1095 399 1148 quod
431 1094 530 1135 fecit
562 1093 706 1135 Cicero
740 1094 806 1134 sui
831 1095 969 1147 ipsius
1001 1094 1045 1132 in
1077 1093 1343 1134 humanitate
1374 1092 1543 1134 litteris-

132 1179 214 1220 que
245 1167 469 1208 excolendi
491 1179 620 1207 causa
642 1167 686 1206 in
720 1165 941 1207 Graeciam
973 1163 1213 1218 Asiamque
1245 1164 1299 1218 (a.
1326 1164 1541 1219 79-77.),

130 1243 314 1280 statuere
360 1251 601 1293 possumus,
647 1250 702 1279 ex
736 1252 820 1292 quo
853 1242 1079 1295 postquam
1111 1237 1286 1278 revertit
1325 1249 1417 1278 rem
1462 1251 1542 1291 pu-

126 1310 282 1352 blicam
308 1311 546 1365 capessivit.
610 1310 729 1352 Intra
762 1311 845 1352 duo
878 1311 952 1352 illa
983 1311 1117 1364 spatia
1148 1309 1318 1362 singula
1350 1310 1541 1350 carmina

128 1384 181 1424 ad
212 1387 453 1438 temporum
485 1384 692 1424 rationem
718 1385 830 1424 inter
851 1396 895 1424 se
922 1387 970 1424 ut
996 1386 1319 1437 componantur,
1350 1383 1541 1423 maxima

128 1468 151 1497 e
181 1459 297 1510 parte
320 1456 412 1498 fieri
433 1469 516 1498 non
542 1460 690 1510 potest,
723 1469 824 1497 011111
847 1456 898 1497 de
920 1456 1068 1510 paucis
1090 1458 1257 1496 tantum
1279 1454 1540 1496 carminibus

130 1542 213 1582 quo
246 1533 435 1584 tempore
466 1530 551 1571 sint
589 1530 826 1582 conscripta
873 1529 1112 1569 accuratius
1145 1539 1350 1581 quaerere
1396 1527 1538 1579 liceat3

127 1602 272 1656 itaque
302 1604 339 1644 is
372 1602 486 1654 ordo,
521 1614 648 1656 quem
672 1614 747 1656 ego
772 1601 956 1655 quidem,
989 1600 1339 1655 quandoquidem
1363 1600 1540 1654 quidam

130 1674 231 1715 ordo
264 1676 474 1717 tenendus
508 1678 581 1727 est,
613 1676 658 1715 111
690 1674 970 1728 sequentibus
1010 1685 1176 1726 sequar,
1222 1672 1308 1714 fere
1340 1676 1454 1714 totus
1486 1673 1539 1713 ad

128 1746 350 1788 arbitrium
383 1748 637 1789 constitutus
669 1749 744 1787 est.

270 1820 596 1864 Adulescentiae
619 1818 834 1860 Ciceronis
866 1829 914 1858 ea
936 1818 1122 1858 carmina
1144 1817 1412 1859 attribuenda
1444 1830 1537 1860 0330
1579 1808 1743 1882 Cgfflssssea

127 1889 317 1943 arbitror,
352 1905 460 1946 quae
509 1892 767 1933 Graecorum
813 1889 1007 1944 exempla
1055 1893 1229 1932 secutus
1275 1892 1534 1945 composuit:
1568 1904 1749 1929 anuescente

126 1975 224 2004 nam
246 1965 405 2006 scimus
427 1965 745 2006 adulescentem
766 1963 974 2016 imprimis
998 1961 1180 2003 Graecos
1203 1974 1300 2003 eum
1321 1963 1536 2004 imitatum
1574 1952 1740 1982 ⁰⁰¹¹¹¹³⁰⁵im¹

126 2048 230 2091 esse,
261 2041 308 2079 ut
339 2051 384 2080 se
414 2040 460 2079 in
492 2038 644 2079 litteris
677 2035 927 2088 artibusque
970 2038 1185 2075 exerceret
1222 2035 1533 2090 excoleretque.

125 2106 281 2149 Utrum
315 2113 456 2152 autem
488 2110 731 2164 exemplum
765 2120 893 2149 suum
927 2108 1165 2148 accuratius
1212 2111 1387 2150 secutus
1435 2122 1533 2150 con-

122 2182 296 2222 verterit
334 2196 388 2223 an
431 2182 607 2224 liberius
638 2182 828 2222 imitatus
860 2180 925 2233 sit,
969 2180 1013 2220 in
1046 2193 1307 2234 unoquoque
1345 2182 1533 2223 carmine

122 2255 250 2294 statui
282 2268 367 2296 non
399 2259 544 2310 potest.
608 2254 802 2296 Ceterum
837 2252 1185 2295 adulescentulus
1231 2255 1456 2307 praecipue
1488 2255 1531 2294 in

121 2330 266 2379 poetas
298 2327 614 2369 Alexandrinos
647 2327 836 2369 studium
870 2327 1101 2368 contulisse
1132 2326 1314 2379 videtur,
1352 2330 1400 2367 ut
1432 2328 1532 2368 satis

123 2408 145 2437 e
176 2398 311 2440 titulis
345 2399 614 2453 singulorum
647 2401 897 2451 carminum,
944 2398 996 2438 de
1041 2397 1201 2452 quibus
1246 2398 1375 2452 paulo
1422 2399 1531 2440 infra

123 2467 348 2513 dicendum
381 2473 471 2525 erit,
505 2484 704 2526 apparere
737 2472 952 2513 existimo:
987 2483 1127 2524 neque
1172 2469 1217 2510 id
1253 2471 1410 2511 mirum
1458 2476 1531 2525 est,

122 2551 220 2582 cum
268 2542 355 2586 fere
412 2546 522 2586 circa
581 2546 674 2586 eius
727 2543 1059 2585 adulescentiam
1119 2542 1309 2583 studium
1358 2543 1527 2585 illorum

122 2611 382 2658 efflorescere
415 2618 611 2672 coeperit,
644 2617 758 2671 quod
789 2619 882 2671 post
920 2627 1187 2669 summopere
1232 2614 1284 2655 ab
1332 2615 1529 2670 elegiacis

1263 2691 1307 2728 1*
