1813 2972
907 101 960 140 26

226 217 420 258 Ciceroni
464 217 584 258 nullo
629 217 823 271 graviore
854 218 1043 271 periculo
1074 219 1260 261 instante
1289 220 1401 261 inter
1431 233 1468 262 a.
1501 220 1568 262 86.
1602 224 1642 262 et

227 291 293 330 83.
327 291 514 331 carmine
546 289 731 330 Marium
762 289 988 331 nobilitare
1017 291 1150 331 licuit.

374 362 620 404 Scaevolam
653 367 795 403 autem
827 363 952 403 illum
983 367 1086 417 puto
1120 375 1211 404 esse
1243 376 1464 417 augurem.
1527 363 1641 407 Dru-

224 448 409 476 mannus
434 436 607 489 quidem
649 439 850 488 quattuor
880 436 985 477 locis
1018 435 1066 492 (l.
1098 449 1133 477 c.
1166 449 1206 476 V.
1239 435 1291 476 V.
1322 449 1363 490 p.
1396 438 1500 491 2213
1535 439 1639 490 2:25;

225 507 512 562 2263v.V1.
565 522 604 561 p.
639 505 757 563 351.)
806 520 904 549 eum
949 509 1033 549 iam
1081 522 1118 549 a.
1168 508 1236 550 87.
1284 513 1501 550 mortuum
1547 524 1640 552 esse

225 580 340 633 dicit,
386 580 460 621 sed
508 580 627 621 nullo
677 584 882 635 quattuor
919 581 1111 622 locorum
1144 581 1434 622 testimonium
1467 583 1642 624 affertur

226 656 267 693 et
311 653 387 692 vix
435 665 458 692 a
504 666 719 706 quoquam
759 653 897 693 afferri
935 656 1086 707 potest.
1162 653 1394 695 Extremus
1447 656 1640 707 nuntius,

225 737 352 778 quem
387 725 438 765 de
465 738 626 779 augure
644 726 889 779 accipimus,
911 726 964 766 ad
986 739 1024 767 a.
1043 726 1109 766 88.
1135 730 1304 780 spectat,
1327 739 1381 768 ex
1405 726 1641 781 eodemque

222 797 296 837 illo
330 798 482 838 nuntio
514 797 559 837 id
592 810 764 851 quoque
796 801 979 852 apparet,
1026 798 1150 838 illum
1190 799 1377 840 maxime
1407 799 1516 840 Mari
1546 813 1641 854 par-

223 869 338 910 tibus
383 869 566 911 favisse:
615 882 663 910 eo
712 871 826 910 enim
874 883 985 911 anno
1018 870 1387 917 vehementissime
1418 872 1464 911 in
1489 876 1640 913 senatu

223 944 492 998 repugnavit,
543 945 649 996 quin
696 942 858 983 Marius
895 942 1028 983 hostis
1074 942 1352 996 iudicaretur3
1401 944 1452 985 cf.
1502 944 1639 986 Valer.
1686 942 1690 944 ’

224 1017 398 1058 Maxim.
431 1015 509 1056 III.
546 1016 586 1056 8.
620 1014 657 1055 Ξ).
697 1013 907 1069 ,Ceterum
941 1018 990 1055 ut
1019 1015 1236 1055 neminem
1285 1015 1321 1056 ei
1353 1017 1640 1072 praetulerim,

224 1091 282 1130 ita
316 1088 363 1137 Q.
397 1088 591 1129 Mucium
616 1087 861 1129 Scaevolam
888 1099 1097 1140 augmem
1118 1089 1268 1128 merito
1292 1091 1638 1142 comparaverim.

226 1161 444 1216 Dispulsis
461 1162 768 1215 prostratisque
784 1161 1056 1201 inimicorum
1080 1160 1274 1214 partibus
1293 1159 1412 1203 Sulla
1436 1165 1641 1216 occupata

225 1235 333 1276 urbe
385 1239 581 1275 senatum
626 1237 813 1274 armatus
858 1235 1051 1286 coegerat
1094 1245 1142 1273 ac
1195 1246 1362 1274 summa
1409 1234 1641 1288 cupiditate

225 1307 452 1360 ferebatur,
485 1310 531 1347 ut
565 1306 608 1349 C.
631 1306 793 1347 Marius
817 1319 944 1360 quam
968 1305 1187 1359 celerrime
1208 1305 1341 1346 hostis
1363 1306 1642 1348 iudicaretur.

227 1379 360 1421 Cuius
392 1380 603 1420 voluntati
634 1380 755 1420 nullo
785 1378 953 1420 obviam
985 1378 1046 1418 ire
1078 1378 1260 1419 audente
1294 1379 1410 1420 solus
1442 1379 1645 1421 Scaevola

227 1452 278 1493 de
310 1453 389 1493 hac
421 1465 466 1493 re
512 1453 800 1506 interrogatus
849 1451 1103 1492 sententiam
1143 1451 1282 1492 dicere
1313 1451 1463 1492 noluit.
1528 1451 1643 1500 Quin

225 1526 356 1566 etiam
388 1525 676 1566 truculentius
708 1524 790 1565 sibi
822 1525 999 1565 instanti
1028 1523 1172 1566 Sullae
1204 1525 1326 1577 dicet,
1355 1525 1508 1578 inquit,
1539 1525 1646 1564 mihi

226 1599 396 1652 agmina
427 1598 625 1650 militum,
673 1597 831 1651 quibus
870 1600 1031 1638 curiam
1075 1597 1399 1649 circumsedisti,
1447 1600 1646 1651 ostentes,

227 1671 325 1712 licet
341 1674 519 1711 mortem
543 1671 776 1712 identidem
799 1671 1024 1723 miniteris,
1045 1682 1286 1723 numquam
1307 1672 1451 1710 tamen
1474 1669 1644 1721 efficies,

225 1748 274 1784 ut
290 1747 461 1797 propter
485 1744 691 1797 exiguum
719 1744 983 1797 senilemque
1006 1743 1260 1795 sanguinem
1283 1754 1428 1782 meum
1447 1741 1643 1794 Marium,

227 1830 249 1857 a
285 1829 369 1870 quo
402 1815 506 1857 urbs
546 1820 586 1857 et
632 1817 756 1857 Italia
804 1820 1052 1857 conservata
1097 1819 1171 1867 cst,
1217 1815 1382 1856 hostem
1427 1814 1643 1856 iudicem.<

228 1889 322 1938 Quo
356 1902 469 1930 anno
503 1888 705 1930 Scaevola
744 1890 906 1944 priores
955 1889 1091 1929 octavi
1124 1889 1236 1928 vitae
1270 1887 1465 1928 decennii
1511 1900 1644 1928 annos

226 1963 447 2016 ingressus
481 1965 581 2003 erat.
648 1962 757 2002 Nam
801 1965 928 2002 natus
967 1964 1031 2002 est
1061 1961 1149 2002 fere
1189 1974 1223 2001 a.
1260 1960 1354 2011 160,
1396 1963 1446 2001 ut
1477 1963 1591 2014 patet
1623 1972 1645 2001 e

227 2034 335 2075 libro
370 2034 420 2074 de
452 2034 671 2087 republica
701 2033 735 2075 Ι.
772 2036 836 2074 12.
874 2035 946 2074 18;
998 2047 1110 2074 anno
1150 2034 1263 2074 enim
1298 2032 1410 2085 129„
1444 2045 1526 2086 quo
1574 2032 1646 2073 ille

230 2108 420 2161 dialogus
451 2106 590 2149 factus
625 2121 714 2149 esse
745 2108 934 2162 fingitur,
977 2108 1074 2159 ,iam
1121 2110 1255 2147 aetate
1303 2104 1585 2158 quaestorius<
1621 2105 1645 2145 i.

227 2193 265 2221 e.
298 2180 386 2221 fere
417 2181 593 2234 triginta
625 2194 760 2222 annos
793 2184 922 2221 natus
962 2182 1059 2220 erat.
1124 2178 1212 2220 Nec
1259 2190 1365 2221 vero,
1410 2179 1644 2233 quidquam

229 2253 376 2306 obstat,
426 2255 529 2307 quin
560 2258 772 2307 putemus,
820 2264 1042 2306 augurem,
1076 2263 1338 2304 quamquam
1386 2250 1473 2290 iam
1504 2262 1539 2291 a.
1575 2250 1643 2290 88.

229 2325 381 2366 debilis
416 2338 550 2366 senex
583 2331 684 2377 erat,
708 2330 853 2366 tamen
878 2324 1117 2378 complures
1142 2324 1269 2364 etiam
1303 2334 1437 2362 annos
1469 2322 1644 2372 vixisse,

227 2398 286 2438 ita
318 2401 366 2438 ut
397 2401 487 2437 tum
516 2398 654 2450 etiam,
688 2411 782 2438 cum
819 2397 963 2438 Cicero
989 2409 1161 2438 carmen
1194 2395 1301 2436 illud
1326 2395 1504 2448 scripsit,
1535 2395 1647 2435 inter

227 2471 347 2510 vivos
380 2474 499 2512 esset.

372 2542 540 2592 Quibus
574 2543 775 2584 omnibus
809 2543 860 2583 (le
893 2543 1033 2584 causis
1065 2542 1168 2582 mihi
1213 2539 1385 2594 quidem
1428 2540 1543 2580 haud
1586 2540 1646 2580 ita

233 2615 485 2657 incredibile
519 2628 611 2657 esse
644 2616 824 2668 videtur,
864 2614 1075 2666 ,Marium‘
1124 2627 1148 2654 a
1181 2612 1383 2654 Cicerone
1431 2614 1555 2654 etiam
1600 2613 1645 2652 in

1797 265 1803 278 Ι

1765 448 1787 484 '3
1807 479 1809 482 Α

1772 588 1809 608 42.

1773 618 1791 654 ,ἦ

1782 679 1793 700 ῖ-

1775 706 1790 727 g!
1811 706 1813 717 A

1781 739 1789 750 'st
1808 748 1810 750 ,

1784 810 1813 841 ἴἸ

1811 849 1813 861 A

1780 866 1813 887 3¹,

1780 910 1795 929 z

1772 938 1795 970 ζ’·-

1783 969 1799 993 f*

1778 1011 1797 1036 c

1781 1040 1812 1075 »ᾦ

1788 1122 1792 1130 f
