1813 2972
852 113 909 153 44

317 231 597 273 Drumannus
630 230 805 286 quidem
838 230 864 272 1.
898 243 932 270 c.
966 243 1004 270 v,
1038 229 1118 270 III.
1149 243 1189 284 p.
1223 228 1323 272 322.
1362 231 1590 284 existimat,

173 305 422 346 Ciceronem
454 318 541 346 non
571 304 864 346 Britannicam
899 301 1226 356 expeditionem,
1257 303 1332 343 sed
1364 304 1590 344 universas

175 377 366 419 Caesaris
397 390 465 419 res
497 381 651 432 gestas,
684 376 766 416 alio
799 380 941 416 autem
973 375 1065 416 loco
1099 375 1158 422 (V.
1190 374 1268 416 VI.
1300 389 1337 430 p.
1361 375 1479 431 683.)
1503 389 1590 417 non

174 451 401 492 universas
435 463 516 503 res,
556 450 629 492 sed
662 447 844 490 Galliam
884 447 1122 489 subiectam
1158 447 1232 488 illo
1265 449 1450 490 carmine
1483 451 1590 490 cele-

173 523 337 575 brasse3
373 523 444 564 sed
479 527 590 564 errat
622 523 791 564 duobus
821 522 939 574 locis,
970 526 1020 562 ut
1052 520 1234 574 epistula
1264 520 1339 560 illa
1371 520 1501 562 docet.

317 596 376 637 At
396 597 479 636 iam
503 596 546 635 in
573 595 720 636 eadem
742 596 816 635 illa
830 593 1050 648 epistula*)
1070 593 1216 635 Cicero
1235 593 1394 645 metuit,
1412 605 1467 634 ne
1482 596 1588 634 tem-

173 682 255 723 pus
270 681 315 710 se
334 668 529 710 deficeret
545 667 602 720 id,
618 667 732 721 quod
745 667 1116 708 vehementissime
1129 665 1339 720 cupiebat,
1351 666 1482 706 otiose
1494 678 1589 719 per-

172 742 310 784 ficere.
383 743 445 783 Ac
483 753 528 781 re
562 752 660 781 vera
693 752 789 781 eum
820 739 893 780 illo
925 740 1016 792 ipso
1050 743 1237 792 tempore
1271 739 1428 780 scimus
1460 738 1589 779 variis

174 815 304 856 rebus
352 814 727 867 occupatissimum
773 811 917 853 fuisse.
1004 809 1154 852 Causis
1201 811 1393 852 dicendis
1454 823 1590 866 paene

174 888 355 928 obrutus
404 889 494 926 erat
524 885 653 938 idque
686 888 842 925 aestate
875 883 1133 924 calidissima
1183 883 1253 937 (cf.
1286 885 1339 925 ad
1373 883 1419 933 Q.
1451 884 1500 926 fr.
1534 883 1589 925 Il.

177 959 245 1000 16.
283 960 323 1010 13
359 958 412 998 ad
443 959 530 998 Att.
562 956 640 998 IV.
675 957 740 997 16.
776 954 852 1012 1.):
901 956 1046 997 nullus
1077 969 1212 1010 paene
1243 957 1333 998 dies
1364 958 1590 1011 praeteriit,

174 1045 257 1086 quo
305 1044 391 1072 non
437 1035 640 1085 patronus
688 1031 912 1071 exsisteret
950 1028 1019 1083 (cf.
1061 1028 1112 1068 ad
1154 1027 1201 1077 Q.
1235 1028 1284 1070 fr.
1324 1029 1403 1071 III.
1446 1031 1482 1071 3.
1519 1031 1590 1085 1.).

171 1103 401 1145 Praeterea
433 1104 527 1145 aliis
562 1116 732 1157 quoque
763 1103 883 1144 libris
915 1102 1220 1156 componendis
1252 1115 1418 1157 operam
1455 1103 1587 1145 dedit:

173 1177 293 1218 velut
325 1178 376 1218 de
407 1190 452 1219 re
483 1176 654 1232 publica
686 1180 777 1217 tum
809 1175 995 1217 seribere
1026 1176 1271 1217 instituerat
1308 1175 1380 1229 (ef.
1415 1176 1468 1217 ad
1500 1177 1590 1217 Att.

173 1250 250 1292 IV.
288 1250 351 1291 16.
386 1251 430 1304 2;
464 1251 515 1291 ad
550 1249 596 1299 Q.
631 1251 678 1291 fr.
711 1250 784 1292 III.
836 1250 872 1291 5.
922 1246 994 1304 1.).
1079 1247 1230 1302 Neque
1276 1250 1401 1290 etiam
1455 1262 1590 1304 aequo

174 1325 316 1365 animo
348 1323 519 1377 ferebat,
567 1323 683 1377 quod
714 1324 817 1376 ipse,
851 1323 925 1376 qui
956 1321 1188 1376 aliquando
1220 1323 1378 1376 primas
1410 1323 1454 1363 in
1486 1323 1589 1363 civi-

173 1400 257 1437 tate
289 1401 427 1450 partes
459 1400 613 1449 egerat,
643 1401 746 1436 tunc
771 1396 859 1436 fere
891 1395 941 1436 ad
974 1395 1156 1435 nihilum
1181 1398 1365 1447 venerat,
1397 1407 1477 1436 nec
1501 1408 1590 1436 non

173 1472 316 1509 animo
359 1468 652 1523 prospiciebat,
702 1469 761 1510 rei
808 1467 1017 1523 publicae,
1065 1481 1189 1521 quam
1239 1469 1328 1522 ipse
1374 1468 1489 1508 haud
1532 1469 1590 1510 ita

173 1542 308 1583 multo
357 1546 454 1583 ante
501 1542 704 1596 perniciei
739 1542 962 1595 eripuerat,
994 1541 1217 1581 interitum
1248 1542 1590 1595 appropinquare

174 1615 247 1669 (cf.
280 1615 332 1656 ad
366 1614 401 1664 Q
447 1614 496 1656 fr.
531 1614 610 1657 III.
646 1616 681 1655 5.
706 1615 777 1666 4.)3
811 1616 866 1654 ita
901 1617 949 1654 ut
980 1613 1105 1654 ardor
1135 1613 1206 1654 ille
1237 1613 1483 1666 vehemens,
1505 1626 1589 1668 quo

173 1689 293 1729 initio
341 1689 385 1728 in
434 1687 659 1729 Caesarem
699 1686 988 1727 inflammatus
1037 1690 1134 1739 erat,
1179 1687 1314 1739 magis
1367 1687 1590 1740 magisque

173 1855 345 1899 hortaris,
391 1856 451 1890 sed
497 1855 695 1891 mehercule
730 1857 927 1890 currentem
964 1865 1056 1889 nunc
1094 1854 1247 1899 quidem,
1286 1855 1326 1888 ut
1358 1853 1476 1888 omnia
1511 1863 1590 1888 mea

172 1917 291 1951 studia
316 1918 352 1951 in
378 1917 485 1951 istum
511 1928 620 1951 unum
647 1917 835 1952 conferam.
886 1915 962 1961 Ego
1003 1927 1086 1951 vero
1126 1915 1263 1950 ardenti
1305 1913 1446 1959 quidem
1472 1914 1589 1949 studio

172 1978 241 2012 hoc
266 1977 416 2012 fortasse
443 1978 603 2020 efficiam,
646 1978 739 2022 quod
775 1988 880 2022 saepe
914 1977 1110 2012 viatoribus
1136 1987 1215 2011 cum
1241 1977 1430 2020 properant,
1455 1975 1589 2010 evenit:

173 2041 224 2083 ut,
251 2039 281 2073 si
305 2039 415 2073 serius
432 2050 537 2083 quam
558 2040 732 2074 voluerint
749 2038 840 2074 forte
862 2039 1085 2083 surrexerint,
1101 2037 1318 2083 properando
1345 2037 1453 2071 etiam
1475 2037 1589 2079 citius,

175 2110 278 2144 quam
309 2100 338 2133 si
363 2100 405 2135 de
431 2103 534 2135 noete
559 2101 780 2145 vigilassent,
798 2100 1092 2145 perveniantque
1110 2099 1239 2133 velint:
1267 2098 1315 2132 sic
1334 2108 1400 2143 ego
1423 2097 1588 2142 quoniam

173 2161 209 2194 in
235 2161 305 2195 isto
332 2160 475 2196 homine
502 2161 648 2195 colendo
675 2165 749 2196 tam
777 2161 970 2196 indormivi
996 2161 1066 2203 diu,
1106 2162 1142 2195 te
1168 2159 1367 2194 mehercule
1402 2169 1507 2204 saepe
1533 2169 1589 2194 ex-

172 2223 316 2257 citante.
344 2233 446 2257 cursu
472 2221 647 2265 corrigam
674 2223 881 2257 tarditatem
907 2233 988 2257 cum
1015 2220 1113 2265 equis
1139 2222 1215 2255 tum
1241 2229 1323 2254 vero
1350 2225 1394 2246 '—-
1422 2219 1589 2264 quoniam

173 2283 296 2317 scribis
323 2293 448 2327 poema
475 2282 518 2318 ab
546 2293 586 2317 eo
613 2285 772 2317 nostrum
799 2283 857 2326 (cf.
885 2294 988 2328 supra
1014 2294 1048 2328 p.
1076 2281 1146 2327 39.)
1173 2280 1313 2325 probari
1340 2300 1381 2305 ——
1409 2279 1588 2324 quadrigis

110 2379 118 2384 ,
174 2343 331 2388 poeticis.
381 2343 488 2377 Modo
514 2344 603 2378 mihi
629 2344 711 2378 date
735 2344 972 2386 Britanniam,
1001 2354 1106 2389 quam
1131 2343 1276 2387 pingam
1303 2340 1480 2376 coloribus
1505 2341 1586 2383 tuis,

174 2404 336 2448 penicillo
363 2408 464 2439 meo.‘

315 2465 347 2510 *j
375 2466 420 2500 ad
446 2465 486 2508 Q.
512 2465 553 2500 sr.
580 2466 628 2501 II.
657 2465 710 2500 15.
738 2466 770 2500 2.
821 2465 899 2501 ,Sed
931 2465 1015 2510 quid
1047 2466 1137 2510 ago?
1192 2463 1294 2506 Quod
1323 2460 1412 2495 mihi
1436 2463 1588 2504 tempus,

174 2525 310 2561 Romae
336 2527 552 2570 praesertim,
587 2529 627 2561 ut
659 2526 727 2561 iste
752 2536 809 2561 me
839 2528 971 2570 monet,
1009 2525 1168 2560 manenti
1191 2533 1339 2558 vacuum
1366 2521 1587 2556 ostenditur?

175 2586 244 2621 Sed
281 2587 410 2622 videro.
461 2588 626 2623 Fortasse
659 2588 763 2630 enim,
801 2589 842 2622 ut
875 2587 926 2632 fit,
966 2587 1085 2622 vincet
1117 2587 1199 2620 tuus
1224 2594 1325 2618 amor
1350 2594 1472 2618 omnes
1499 2582 1590 2618 diffi-

176 2648 348 2683 cult-ates.‘
