<?xml version="1.0" encoding="UTF-8"?>
<!DOCTYPE html PUBLIC "-//W3C//DTD XHTML 1.0 Transitional//EN"
    "http://www.w3.org/TR/xhtml1/DTD/xhtml1-transitional.dtd">
<html xmlns="http://www.w3.org/1999/xhtml" xml:lang="en" lang="en">
 <head>
  <title>
</title>
<meta http-equiv="Content-Type" content="text/html;charset=utf-8" />
  <meta name='ocr-system' content='tesseract 3.04.00' />
  <meta name='ocr-capabilities' content='ocr_page ocr_carea ocr_par ocr_line ocrx_word'/>
</head>
<body>
  <div class='ocr_page' id='page_1' title='image "./demtulliociceron00groluoft_0018.png"; bbox 0 0 1813 2972; ppageno 0'>
   <div class='ocr_carea' id='block_1_1' title="bbox 867 107 920 148">
    <p class='ocr_par' dir='ltr' id='par_1_1' title="bbox 867 107 920 148">
     <span class='ocr_line' id='line_1_1' title="bbox 867 107 920 148; baseline 0.019 -1"><span class='ocrx_word' id='word_1_1' title='bbox 867 107 920 148; x_wconf 87' lang='grc'>10</span> 
     </span>
    </p>
   </div>
   <div class='ocr_carea' id='block_1_2' title="bbox 181 224 1600 935">
    <p class='ocr_par' dir='ltr' id='par_1_2' title="bbox 181 224 1598 425">
     <span class='ocr_line' id='line_1_2' title="bbox 332 224 1595 279; baseline 0 -13"><span class='ocrx_word' id='word_1_2' title='bbox 332 224 541 266; x_wconf 85' lang='lat' dir='ltr'>Carminis</span> <span class='ocrx_word' id='word_1_3' title='bbox 580 224 799 278; x_wconf 67' lang='lat' dir='ltr'>,Alyones³</span> <span class='ocrx_word' id='word_1_4' title='bbox 846 224 1021 265; x_wconf 87' lang='lat' dir='ltr'>titulum</span> <span class='ocrx_word' id='word_1_5' title='bbox 1068 225 1170 266; x_wconf 87' lang='lat' dir='ltr'>satis</span> <span class='ocrx_word' id='word_1_6' title='bbox 1209 228 1389 266; x_wconf 89' lang='lat' dir='ltr'>testatur</span> <span class='ocrx_word' id='word_1_7' title='bbox 1432 224 1595 279; x_wconf 87' lang='lat' dir='ltr'>Capito-</span> 
     </span>
     <span class='ocr_line' id='line_1_3' title="bbox 181 295 1598 353; baseline 0.001 -15"><span class='ocrx_word' id='word_1_8' title='bbox 181 299 298 339; x_wconf 91' lang='lat' dir='ltr'>linus</span> <span class='ocrx_word' id='word_1_9' title='bbox 331 298 370 351; x_wconf 93' lang='lat' dir='ltr'>(l.</span> <span class='ocrx_word' id='word_1_10' title='bbox 394 295 463 353; x_wconf 92' lang='lat' dir='ltr'>c.).</span> <span class='ocrx_word' id='word_1_11' title='bbox 511 297 807 350; x_wconf 84' lang='lat' dir='ltr'>Conscriptum</span> <span class='ocrx_word' id='word_1_12' title='bbox 831 300 920 338; x_wconf 88' lang='lat' dir='ltr'>erat</span> <span class='ocrx_word' id='word_1_13' title='bbox 941 296 1212 347; x_wconf 79' lang='lat' dir='ltr'>hexametris,</span> <span class='ocrx_word' id='word_1_14' title='bbox 1234 301 1283 338; x_wconf 81' lang='lat' dir='ltr'>ut</span> <span class='ocrx_word' id='word_1_15' title='bbox 1304 297 1426 338; x_wconf 86' lang='lat' dir='ltr'>docet</span> <span class='ocrx_word' id='word_1_16' title='bbox 1447 311 1598 339; x_wconf 80' lang='lat' dir='ltr'>versus</span> 
     </span>
     <span class='ocr_line' id='line_1_4' title="bbox 182 368 1350 425; baseline -0.002 -13"><span class='ocrx_word' id='word_1_17' title='bbox 182 384 206 412; x_wconf 88' lang='lat' dir='ltr'>a</span> <span class='ocrx_word' id='word_1_18' title='bbox 237 369 376 412; x_wconf 91' lang='lat' dir='ltr'>Nonio</span> <span class='ocrx_word' id='word_1_19' title='bbox 410 369 467 425; x_wconf 88' lang='lat' dir='ltr'>(p.</span> <span class='ocrx_word' id='word_1_20' title='bbox 503 370 572 410; x_wconf 84' lang='lat'>65.</span> <span class='ocrx_word' id='word_1_21' title='bbox 606 370 662 422; x_wconf 86' lang='lat'>8.)</span> <span class='ocrx_word' id='word_1_22' title='bbox 693 369 897 410; x_wconf 84' lang='lat' dir='ltr'>traditus:</span> <span class='ocrx_word' id='word_1_23' title='bbox 932 369 1094 420; x_wconf 86' lang='lat' dir='ltr'>‚Cicero</span> <span class='ocrx_word' id='word_1_24' title='bbox 1125 368 1350 422; x_wconf 73' lang='lat' dir='ltr'>Alcion.‘*)</span> 
     </span>
    </p>

    <p class='ocr_par' dir='ltr' id='par_1_3' title="bbox 331 441 1384 496">
     <span class='ocr_line' id='line_1_5' title="bbox 331 441 1384 496; baseline -0.003 -11"><span class='ocrx_word' id='word_1_25' title='bbox 331 477 340 485; x_wconf 91' lang='lat'>.</span> <span class='ocrx_word' id='word_1_26' title='bbox 375 475 385 485; x_wconf 91' lang='lat'>.</span> <span class='ocrx_word' id='word_1_27' title='bbox 419 475 428 484; x_wconf 94' lang='lat'>.</span> <span class='ocrx_word' id='word_1_28' title='bbox 462 444 580 483; x_wconf 90' lang='lat' dir='ltr'>hunc</span> <span class='ocrx_word' id='word_1_29' title='bbox 611 443 760 496; x_wconf 84' lang='lat' dir='ltr'>genuit</span> <span class='ocrx_word' id='word_1_30' title='bbox 791 442 914 483; x_wconf 88' lang='lat' dir='ltr'>claris</span> <span class='ocrx_word' id='word_1_31' title='bbox 947 442 1144 496; x_wconf 89' lang='lat' dir='ltr'>delapsus</span> <span class='ocrx_word' id='word_1_32' title='bbox 1177 441 1228 482; x_wconf 91' lang='lat' dir='ltr'>ab</span> <span class='ocrx_word' id='word_1_33' title='bbox 1262 443 1384 483; x_wconf 85' lang='lat' dir='ltr'>astris</span> 
     </span>
    </p>

    <p class='ocr_par' dir='ltr' id='par_1_4' title="bbox 329 513 1388 569">
     <span class='ocr_line' id='line_1_6' title="bbox 329 513 1388 569; baseline -0.001 -14"><span class='ocrx_word' id='word_1_34' title='bbox 329 517 538 569; x_wconf 79' lang='lat' dir='ltr'>praevius.</span> <span class='ocrx_word' id='word_1_35' title='bbox 571 515 768 555; x_wconf 81' lang='lat' dir='ltr'><strong>Aurorae</strong></span> <span class='ocrx_word' id='word_1_36' title='bbox 801 514 902 556; x_wconf 86' lang='lat' dir='ltr'>solis</span> <span class='ocrx_word' id='word_1_37' title='bbox 935 515 1160 568; x_wconf 83' lang='lat' dir='ltr'>noctisque</span> <span class='ocrx_word' id='word_1_38' title='bbox 1193 513 1388 556; x_wconf 60' lang='lat' dir='ltr'>satelles}</span> 
     </span>
    </p>

    <p class='ocr_par' dir='ltr' id='par_1_5' title="bbox 181 586 1600 935">
     <span class='ocr_line' id='line_1_7' title="bbox 323 586 1597 642; baseline 0 -13"><span class='ocrx_word' id='word_1_39' title='bbox 323 587 489 642; x_wconf 78' lang='lat' dir='ltr'>Agebat</span> <span class='ocrx_word' id='word_1_40' title='bbox 534 600 695 642; x_wconf 85' lang='lat' dir='ltr'>poema,</span> <span class='ocrx_word' id='word_1_41' title='bbox 740 591 788 628; x_wconf 84' lang='lat' dir='ltr'>ut</span> <span class='ocrx_word' id='word_1_42' title='bbox 834 587 986 628; x_wconf 85' lang='lat' dir='ltr'>titulus</span> <span class='ocrx_word' id='word_1_43' title='bbox 1033 587 1272 641; x_wconf 83' lang='lat' dir='ltr'>significare</span> <span class='ocrx_word' id='word_1_44' title='bbox 1319 586 1499 639; x_wconf 84' lang='lat' dir='ltr'>videtur,</span> <span class='ocrx_word' id='word_1_45' title='bbox 1546 587 1597 629; x_wconf 90' lang='lat' dir='ltr'>de</span> 
     </span>
     <span class='ocr_line' id='line_1_8' title="bbox 183 658 1596 714; baseline -0.001 -12"><span class='ocrx_word' id='word_1_46' title='bbox 183 660 332 713; x_wconf 75' lang='lat' dir='ltr'>Ceyce,</span> <span class='ocrx_word' id='word_1_47' title='bbox 377 673 476 714; x_wconf 83' lang='lat' dir='ltr'>rege</span> <span class='ocrx_word' id='word_1_48' title='bbox 513 660 744 713; x_wconf 84' lang='lat' dir='ltr'>Trachinis,</span> <span class='ocrx_word' id='word_1_49' title='bbox 790 663 831 700; x_wconf 84' lang='lat' dir='ltr'>et</span> <span class='ocrx_word' id='word_1_50' title='bbox 860 660 1054 712; x_wconf 79' lang='lat' dir='ltr'>Alcyone</span> <span class='ocrx_word' id='word_1_51' title='bbox 1092 661 1138 700; x_wconf 89' lang='lat' dir='ltr'>in</span> <span class='ocrx_word' id='word_1_52' title='bbox 1170 658 1369 713; x_wconf 79' lang='lat' dir='ltr'>alcyones</span> <span class='ocrx_word' id='word_1_53' title='bbox 1410 661 1596 712; x_wconf 86' lang='lat' dir='ltr'>mutatis,</span> 
     </span>
     <span class='ocr_line' id='line_1_9' title="bbox 183 731 1597 788; baseline -0.001 -13"><span class='ocrx_word' id='word_1_54' title='bbox 183 746 293 788; x_wconf 88' lang='lat' dir='ltr'>quae</span> <span class='ocrx_word' id='word_1_55' title='bbox 340 733 483 774; x_wconf 80' lang='lat' dir='ltr'>fabula</span> <span class='ocrx_word' id='word_1_56' title='bbox 516 732 566 773; x_wconf 88' lang='lat' dir='ltr'>ab</span> <span class='ocrx_word' id='word_1_57' title='bbox 602 731 753 773; x_wconf 85' lang='lat' dir='ltr'>Ovidio</span> <span class='ocrx_word' id='word_1_58' title='bbox 789 745 960 786; x_wconf 87' lang='lat' dir='ltr'>quoque</span> <span class='ocrx_word' id='word_1_59' title='bbox 1006 731 1122 788; x_wconf 82' lang='lat' dir='ltr'>(Met.</span> <span class='ocrx_word' id='word_1_60' title='bbox 1154 732 1234 774; x_wconf 90' lang='lat' dir='ltr'>XI.</span> <span class='ocrx_word' id='word_1_61' title='bbox 1270 733 1370 773; x_wconf 78' lang='lat'>270.</span> <span class='ocrx_word' id='word_1_62' title='bbox 1402 738 1510 787; x_wconf 76' lang='lat' dir='ltr'>sqq.)</span> <span class='ocrx_word' id='word_1_63' title='bbox 1557 735 1597 774; x_wconf 87' lang='lat' dir='ltr'>et</span> 
     </span>
     <span class='ocr_line' id='line_1_10' title="bbox 183 803 1598 860; baseline -0.001 -12"><span class='ocrx_word' id='word_1_64' title='bbox 183 806 234 848; x_wconf 89' lang='lat' dir='ltr'>ab</span> <span class='ocrx_word' id='word_1_65' title='bbox 266 806 442 860; x_wconf 81' lang='lat' dir='ltr'>Hygino</span> <span class='ocrx_word' id='word_1_66' title='bbox 475 805 575 858; x_wconf 88' lang='lat' dir='ltr'>(fab.</span> <span class='ocrx_word' id='word_1_67' title='bbox 612 803 700 859; x_wconf 79' lang='lat'>65.)</span> <span class='ocrx_word' id='word_1_68' title='bbox 750 805 928 858; x_wconf 87' lang='lat' dir='ltr'>aliisque</span> <span class='ocrx_word' id='word_1_69' title='bbox 959 808 1130 845; x_wconf 85' lang='lat' dir='ltr'>narrata</span> <span class='ocrx_word' id='word_1_70' title='bbox 1163 809 1236 846; x_wconf 87' lang='lat' dir='ltr'>est.</span> <span class='ocrx_word' id='word_1_71' title='bbox 1299 805 1477 846; x_wconf 85' lang='lat' dir='ltr'>Hesiodi</span> <span class='ocrx_word' id='word_1_72' title='bbox 1509 818 1598 846; x_wconf 87' lang='lat' dir='ltr'>car-</span> 
     </span>
     <span class='ocr_line' id='line_1_11' title="bbox 181 875 1600 935; baseline 0 -15"><span class='ocrx_word' id='word_1_73' title='bbox 181 892 281 921; x_wconf 88' lang='lat' dir='ltr'>men</span> <span class='ocrx_word' id='word_1_74' title='bbox 312 875 497 935; x_wconf 73' lang='grc' dir='ltr'><strong><em>,Κήυκος</em></strong></span> <span class='ocrx_word' id='word_1_75' title='bbox 528 875 674 933; x_wconf 64' lang='grc' dir='ltr'>γάμοςί</span> <span class='ocrx_word' id='word_1_76' title='bbox 699 876 893 918; x_wconf 83' lang='lat' dir='ltr'>Ciceroni</span> <span class='ocrx_word' id='word_1_77' title='bbox 914 881 1011 918; x_wconf 92' lang='lat' dir='ltr'>ante</span> <span class='ocrx_word' id='word_1_78' title='bbox 1034 878 1182 918; x_wconf 89' lang='lat' dir='ltr'>oculos</span> <span class='ocrx_word' id='word_1_79' title='bbox 1202 876 1473 920; x_wconf 75' lang='lat' dir='ltr'>obversatum</span> <span class='ocrx_word' id='word_1_80' title='bbox 1496 891 1600 932; x_wconf 86' lang='lat' dir='ltr'>esse,</span> 
     </span>
    </p>
   </div>
   <div class='ocr_carea' id='block_1_3' title="bbox 182 940 1681 1005">
    <p class='ocr_par' dir='ltr' id='par_1_6' title="bbox 182 940 1681 1005">
     <span class='ocr_line' id='line_1_12' title="bbox 182 940 1681 1005; baseline -0.001 -12"><span class='ocrx_word' id='word_1_81' title='bbox 182 956 231 993; x_wconf 84' lang='lat' dir='ltr'>ut</span> <span class='ocrx_word' id='word_1_82' title='bbox 262 950 482 992; x_wconf 89' lang='lat' dir='ltr'>Heusdius</span> <span class='ocrx_word' id='word_1_83' title='bbox 525 950 616 990; x_wconf 80' lang='lat' dir='ltr'>vult</span> <span class='ocrx_word' id='word_1_84' title='bbox 649 948 692 1004; x_wconf 88' lang='lat' dir='ltr'>(l.</span> <span class='ocrx_word' id='word_1_85' title='bbox 726 962 760 992; x_wconf 81' lang='lat' dir='ltr'>e.</span> <span class='ocrx_word' id='word_1_86' title='bbox 793 964 831 1004; x_wconf 92' lang='lat' dir='ltr'>p.</span> <span class='ocrx_word' id='word_1_87' title='bbox 866 948 970 1005; x_wconf 57' lang='lat'>27),</span> <span class='ocrx_word' id='word_1_88' title='bbox 1010 963 1096 990; x_wconf 92' lang='lat' dir='ltr'>non</span> <span class='ocrx_word' id='word_1_89' title='bbox 1129 954 1250 1004; x_wconf 88' lang='lat' dir='ltr'>puto:</span> <span class='ocrx_word' id='word_1_90' title='bbox 1299 963 1398 991; x_wconf 88' lang='lat' dir='ltr'>nam</span> <span class='ocrx_word' id='word_1_91' title='bbox 1444 949 1596 992; x_wconf 89' lang='lat' dir='ltr'>Hesio·</span> <span class='ocrx_word' id='word_1_92' title='bbox 1677 940 1681 943; x_wconf 14' lang='grc' dir='ltr'><strong>Α</strong></span> 
     </span>
    </p>
   </div>
   <div class='ocr_carea' id='block_1_4' title="bbox 183 1022 1600 2305">
    <p class='ocr_par' dir='ltr' id='par_1_7' title="bbox 183 1022 1600 1298">
     <span class='ocr_line' id='line_1_13' title="bbox 184 1022 1599 1076; baseline -0.001 -10"><span class='ocrx_word' id='word_1_93' title='bbox 184 1025 312 1066; x_wconf 89' lang='lat' dir='ltr'>deum</span> <span class='ocrx_word' id='word_1_94' title='bbox 357 1035 540 1076; x_wconf 85' lang='lat' dir='ltr'>carmen,</span> <span class='ocrx_word' id='word_1_95' title='bbox 587 1026 636 1063; x_wconf 86' lang='lat' dir='ltr'>ut</span> <span class='ocrx_word' id='word_1_96' title='bbox 673 1023 823 1063; x_wconf 89' lang='lat' dir='ltr'>titulus</span> <span class='ocrx_word' id='word_1_97' title='bbox 866 1022 997 1075; x_wconf 83' lang='lat' dir='ltr'>docet,</span> <span class='ocrx_word' id='word_1_98' title='bbox 1044 1023 1226 1076; x_wconf 76' lang='lat' dir='ltr'>nuptias,</span> <span class='ocrx_word' id='word_1_99' title='bbox 1271 1022 1599 1064; x_wconf 87' lang='lat' dir='ltr'>Ciceronianum</span> 
     </span>
     <span class='ocr_line' id='line_1_14' title="bbox 183 1095 1600 1151; baseline -0.001 -12"><span class='ocrx_word' id='word_1_100' title='bbox 183 1102 325 1139; x_wconf 88' lang='lat' dir='ltr'>autem</span> <span class='ocrx_word' id='word_1_101' title='bbox 372 1097 612 1151; x_wconf 83' lang='lat' dir='ltr'>praecipue,</span> <span class='ocrx_word' id='word_1_102' title='bbox 660 1099 707 1136; x_wconf 88' lang='lat' dir='ltr'>ut</span> <span class='ocrx_word' id='word_1_103' title='bbox 745 1096 925 1147; x_wconf 82' lang='lat' dir='ltr'>videtur,</span> <span class='ocrx_word' id='word_1_104' title='bbox 966 1095 1344 1150; x_wconf 80' lang='lat' dir='ltr'>metamorphosim</span> <span class='ocrx_word' id='word_1_105' title='bbox 1377 1095 1526 1148; x_wconf 75' lang='lat' dir='ltr'>Ceycis</span> <span class='ocrx_word' id='word_1_106' title='bbox 1559 1099 1600 1138; x_wconf 83' lang='lat' dir='ltr'>et:</span> 
     </span>
     <span class='ocr_line' id='line_1_15' title="bbox 183 1168 1599 1223; baseline -0.002 -11"><span class='ocrx_word' id='word_1_107' title='bbox 183 1172 400 1223; x_wconf 79' lang='lat' dir='ltr'>Alcyones</span> <span class='ocrx_word' id='word_1_108' title='bbox 433 1170 637 1211; x_wconf 82' lang='lat' dir='ltr'>tractavit.</span> <span class='ocrx_word' id='word_1_109' title='bbox 701 1168 785 1210; x_wconf 85' lang='lat' dir='ltr'>Hic</span> <span class='ocrx_word' id='word_1_110' title='bbox 809 1181 978 1222; x_wconf 88' lang='lat' dir='ltr'>quoque</span> <span class='ocrx_word' id='word_1_111' title='bbox 1010 1169 1153 1209; x_wconf 89' lang='lat' dir='ltr'>nescio</span> <span class='ocrx_word' id='word_1_112' title='bbox 1178 1181 1231 1208; x_wconf 87' lang='lat' dir='ltr'>an</span> <span class='ocrx_word' id='word_1_113' title='bbox 1254 1168 1599 1210; x_wconf 84' lang='lat' dir='ltr'>Alexandrinum</span> 
     </span>
     <span class='ocr_line' id='line_1_16' title="bbox 186 1241 1086 1298; baseline -0.001 -12"><span class='ocrx_word' id='word_1_114' title='bbox 186 1244 402 1298; x_wconf 86' lang='lat' dir='ltr'>quendam</span> <span class='ocrx_word' id='word_1_115' title='bbox 433 1246 600 1297; x_wconf 84' lang='lat' dir='ltr'>poetam</span> <span class='ocrx_word' id='word_1_116' title='bbox 633 1241 777 1282; x_wconf 89' lang='lat' dir='ltr'>Cicero</span> <span class='ocrx_word' id='word_1_117' title='bbox 816 1246 988 1283; x_wconf 89' lang='lat' dir='ltr'>secutus</span> <span class='ocrx_word' id='word_1_118' title='bbox 1021 1242 1086 1285; x_wconf 90' lang='lat' dir='ltr'>sit.</span> 
     </span>
    </p>

    <p class='ocr_par' dir='ltr' id='par_1_8' title="bbox 184 1313 1600 2305">
     <span class='ocr_line' id='line_1_17' title="bbox 327 1313 1596 1369; baseline -0.002 -13"><span class='ocrx_word' id='word_1_119' title='bbox 327 1315 544 1369; x_wconf 73' lang='lat' dir='ltr'>‚Uxorius‘</span> <span class='ocrx_word' id='word_1_120' title='bbox 579 1316 617 1367; x_wconf 82' lang='lat' dir='ltr'>(i.</span> <span class='ocrx_word' id='word_1_121' title='bbox 651 1328 686 1356; x_wconf 91' lang='lat' dir='ltr'>e.</span> <span class='ocrx_word' id='word_1_122' title='bbox 721 1316 845 1355; x_wconf 86' lang='lat' dir='ltr'>uxori</span> <span class='ocrx_word' id='word_1_123' title='bbox 877 1314 1106 1365; x_wconf 80' lang='lat' dir='ltr'>obnoxius)</span> <span class='ocrx_word' id='word_1_124' title='bbox 1155 1314 1271 1355; x_wconf 86' lang='lat' dir='ltr'>aliud</span> <span class='ocrx_word' id='word_1_125' title='bbox 1305 1328 1329 1354; x_wconf 95' lang='lat' dir='ltr'>a</span> <span class='ocrx_word' id='word_1_126' title='bbox 1361 1313 1596 1368; x_wconf 86' lang='lat' dir='ltr'>Capitolino</span> 
     </span>
     <span class='ocr_line' id='line_1_18' title="bbox 185 1384 1596 1441; baseline -0.002 -10"><span class='ocrx_word' id='word_1_127' title='bbox 185 1391 360 1432; x_wconf 89' lang='lat' dir='ltr'>allatum</span> <span class='ocrx_word' id='word_1_128' title='bbox 395 1402 565 1430; x_wconf 87' lang='lat' dir='ltr'>carmen</span> <span class='ocrx_word' id='word_1_129' title='bbox 597 1388 851 1441; x_wconf 86' lang='lat' dir='ltr'>inscriptum</span> <span class='ocrx_word' id='word_1_130' title='bbox 883 1387 1017 1428; x_wconf 86' lang='lat' dir='ltr'>fuisse</span> <span class='ocrx_word' id='word_1_131' title='bbox 1049 1386 1215 1427; x_wconf 84' lang='lat' dir='ltr'>videtur</span> <span class='ocrx_word' id='word_1_132' title='bbox 1238 1384 1342 1441; x_wconf 87' lang='lat' dir='ltr'>(non</span> <span class='ocrx_word' id='word_1_133' title='bbox 1357 1386 1596 1439; x_wconf 72' lang='lat' dir='ltr'>,Uxorium‘</span> 
     </span>
     <span class='ocr_line' id='line_1_19' title="bbox 187 1459 1597 1517; baseline -0.002 -13"><span class='ocrx_word' id='word_1_134' title='bbox 187 1464 301 1517; x_wconf 87' lang='lat' dir='ltr'>quod</span> <span class='ocrx_word' id='word_1_135' title='bbox 333 1466 404 1503; x_wconf 88' lang='lat' dir='ltr'>aut</span> <span class='ocrx_word' id='word_1_136' title='bbox 436 1461 646 1502; x_wconf 85' lang='lat' dir='ltr'>tributum</span> <span class='ocrx_word' id='word_1_137' title='bbox 680 1460 892 1514; x_wconf 87' lang='lat' dir='ltr'>quoddam</span> <span class='ocrx_word' id='word_1_138' title='bbox 925 1460 1148 1514; x_wconf 83' lang='lat' dir='ltr'>significat,</span> <span class='ocrx_word' id='word_1_139' title='bbox 1181 1459 1229 1502; x_wconf 89' lang='lat' dir='ltr'>cf.</span> <span class='ocrx_word' id='word_1_140' title='bbox 1250 1459 1374 1500; x_wconf 87' lang='lat' dir='ltr'>Paul.</span> <span class='ocrx_word' id='word_1_141' title='bbox 1408 1473 1460 1501; x_wconf 90' lang='lat' dir='ltr'>ex</span> <span class='ocrx_word' id='word_1_142' title='bbox 1486 1459 1597 1501; x_wconf 86' lang='lat' dir='ltr'>Fest.</span> 
     </span>
     <span class='ocr_line' id='line_1_20' title="bbox 184 1533 1599 1591; baseline -0.004 -14"><span class='ocrx_word' id='word_1_143' title='bbox 184 1551 224 1591; x_wconf 91' lang='lat' dir='ltr'>p.</span> <span class='ocrx_word' id='word_1_144' title='bbox 261 1537 356 1576; x_wconf 75' lang='lat'>379.</span> <span class='ocrx_word' id='word_1_145' title='bbox 391 1535 435 1575; x_wconf 87' lang='lat' dir='ltr'>C.</span> <span class='ocrx_word' id='word_1_146' title='bbox 460 1535 508 1576; x_wconf 91' lang='lat' dir='ltr'>O.</span> <span class='ocrx_word' id='word_1_147' title='bbox 538 1534 699 1584; x_wconf 65' lang='lat' dir='ltr'>Muell.9</span> <span class='ocrx_word' id='word_1_148' title='bbox 732 1533 783 1574; x_wconf 89' lang='lat' dir='ltr'>de</span> <span class='ocrx_word' id='word_1_149' title='bbox 816 1546 900 1587; x_wconf 86' lang='lat' dir='ltr'>quo</span> <span class='ocrx_word' id='word_1_150' title='bbox 933 1534 1006 1574; x_wconf 87' lang='lat' dir='ltr'>vix</span> <span class='ocrx_word' id='word_1_151' title='bbox 1039 1534 1269 1587; x_wconf 88' lang='lat' dir='ltr'>quisquam</span> <span class='ocrx_word' id='word_1_152' title='bbox 1299 1545 1452 1574; x_wconf 72' lang='lat' dir='ltr'>versus</span> <span class='ocrx_word' id='word_1_153' title='bbox 1483 1533 1599 1587; x_wconf 90' lang='lat' dir='ltr'>pepi—</span> 
     </span>
     <span class='ocr_line' id='line_1_21' title="bbox 187 1606 1598 1664; baseline -0.004 -13"><span class='ocrx_word' id='word_1_154' title='bbox 187 1611 300 1664; x_wconf 84' lang='lat' dir='ltr'>gisse</span> <span class='ocrx_word' id='word_1_155' title='bbox 332 1608 549 1663; x_wconf 86' lang='lat' dir='ltr'>putandus</span> <span class='ocrx_word' id='word_1_156' title='bbox 582 1611 655 1659; x_wconf 83' lang='lat' dir='ltr'>est,</span> <span class='ocrx_word' id='word_1_157' title='bbox 675 1610 749 1647; x_wconf 87' lang='lat' dir='ltr'>aut</span> <span class='ocrx_word' id='word_1_158' title='bbox 781 1606 927 1647; x_wconf 87' lang='lat' dir='ltr'>eadem</span> <span class='ocrx_word' id='word_1_159' title='bbox 962 1607 1171 1647; x_wconf 86' lang='lat' dir='ltr'>sententia</span> <span class='ocrx_word' id='word_1_160' title='bbox 1202 1609 1433 1660; x_wconf 88' lang='lat' dir='ltr'>usurpatur</span> <span class='ocrx_word' id='word_1_161' title='bbox 1471 1608 1598 1659; x_wconf 85' lang='lat' dir='ltr'>atque</span> 
     </span>
     <span class='ocr_line' id='line_1_22' title="bbox 190 1678 1597 1737; baseline -0.004 -14"><span class='ocrx_word' id='word_1_162' title='bbox 190 1681 329 1737; x_wconf 65' lang='lat' dir='ltr'>,potio³</span> <span class='ocrx_word' id='word_1_163' title='bbox 364 1682 446 1735; x_wconf 82' lang='lat' dir='ltr'>(gr.</span> <span class='ocrx_word' id='word_1_164' title='bbox 479 1678 720 1737; x_wconf 66' lang='grc' dir='ltr'>,([ι’λτρον“),</span> <span class='ocrx_word' id='word_1_165' title='bbox 763 1679 835 1719; x_wconf 91' lang='lat' dir='ltr'>sed</span> <span class='ocrx_word' id='word_1_166' title='bbox 880 1679 1051 1720; x_wconf 90' lang='lat' dir='ltr'>demum</span> <span class='ocrx_word' id='word_1_167' title='bbox 1100 1692 1124 1719; x_wconf 86' lang='lat' dir='ltr'>a</span> <span class='ocrx_word' id='word_1_168' title='bbox 1168 1678 1446 1731; x_wconf 81' lang='lat' dir='ltr'>Quintiliano,</span> <span class='ocrx_word' id='word_1_169' title='bbox 1495 1678 1597 1718; x_wconf 90' lang='lat' dir='ltr'>decl.</span> 
     </span>
     <span class='ocr_line' id='line_1_23' title="bbox 199 1750 1598 1804; baseline -0.003 -9"><span class='ocrx_word' id='word_1_170' title='bbox 199 1757 258 1795; x_wconf 75' lang='lat'>15.</span> <span class='ocrx_word' id='word_1_171' title='bbox 295 1756 356 1802; x_wconf 83' lang='grc'>9.).</span> <span class='ocrx_word' id='word_1_172' title='bbox 419 1754 580 1795; x_wconf 81' lang='lat' dir='ltr'>Similis</span> <span class='ocrx_word' id='word_1_173' title='bbox 612 1752 764 1793; x_wconf 84' lang='lat' dir='ltr'>titulus</span> <span class='ocrx_word' id='word_1_174' title='bbox 807 1755 935 1804; x_wconf 85' lang='lat' dir='ltr'>atque</span> <span class='ocrx_word' id='word_1_175' title='bbox 969 1750 1186 1804; x_wconf 69' lang='lat' dir='ltr'>,Uxorius‘</span> <span class='ocrx_word' id='word_1_176' title='bbox 1235 1751 1419 1794; x_wconf 79' lang='lat' dir='ltr'>occurrit</span> <span class='ocrx_word' id='word_1_177' title='bbox 1452 1751 1499 1791; x_wconf 92' lang='lat' dir='ltr'>in</span> <span class='ocrx_word' id='word_1_178' title='bbox 1531 1763 1598 1791; x_wconf 89' lang='lat' dir='ltr'>co-</span> 
     </span>
     <span class='ocr_line' id='line_1_24' title="bbox 187 1820 1598 1880; baseline -0.004 -11"><span class='ocrx_word' id='word_1_179' title='bbox 187 1828 354 1869; x_wconf 86' lang='lat' dir='ltr'>moedia</span> <span class='ocrx_word' id='word_1_180' title='bbox 401 1838 512 1880; x_wconf 84' lang='lat' dir='ltr'>quae</span> <span class='ocrx_word' id='word_1_181' title='bbox 561 1826 716 1866; x_wconf 87' lang='lat' dir='ltr'>dicitur</span> <span class='ocrx_word' id='word_1_182' title='bbox 763 1825 1018 1865; x_wconf 81' lang='lat' dir='ltr'>recentiore:</span> <span class='ocrx_word' id='word_1_183' title='bbox 1070 1820 1440 1879; x_wconf 68' lang='grc' dir='ltr'><em>,Γυναικοκρατίῶ</em></span> <span class='ocrx_word' id='word_1_184' title='bbox 1485 1824 1598 1864; x_wconf 86' lang='lat' dir='ltr'>enim</span> 
     </span>
     <span class='ocr_line' id='line_1_25' title="bbox 186 1895 1597 1955; baseline -0.003 -13"><span class='ocrx_word' id='word_1_185' title='bbox 186 1902 417 1955; x_wconf 83' lang='lat' dir='ltr'>inscriptae</span> <span class='ocrx_word' id='word_1_186' title='bbox 441 1903 560 1940; x_wconf 86' lang='lat' dir='ltr'>erant</span> <span class='ocrx_word' id='word_1_187' title='bbox 582 1897 823 1939; x_wconf 84' lang='lat' dir='ltr'>comoediae</span> <span class='ocrx_word' id='word_1_188' title='bbox 841 1898 1035 1938; x_wconf 77' lang='lat' dir='ltr'>Alexidis</span> <span class='ocrx_word' id='word_1_189' title='bbox 1060 1896 1128 1950; x_wconf 85' lang='lat' dir='ltr'>(cf.</span> <span class='ocrx_word' id='word_1_190' title='bbox 1149 1897 1306 1937; x_wconf 89' lang='lat' dir='ltr'>Athen.</span> <span class='ocrx_word' id='word_1_191' title='bbox 1328 1895 1404 1937; x_wconf 92' lang='grc' dir='ltr'><strong>ΙΙΙ.</strong></span> <span class='ocrx_word' id='word_1_192' title='bbox 1437 1909 1477 1950; x_wconf 88' lang='lat' dir='ltr'>p.</span> <span class='ocrx_word' id='word_1_193' title='bbox 1501 1897 1597 1938; x_wconf 79' lang='lat'>125.</span> 
     </span>
     <span class='ocr_line' id='line_1_26' title="bbox 188 1968 1600 2026; baseline -0.004 -10"><span class='ocrx_word' id='word_1_194' title='bbox 188 1975 227 2016; x_wconf 80' lang='lat' dir='ltr'>b.</span> <span class='ocrx_word' id='word_1_195' title='bbox 248 1974 416 2015; x_wconf 80' lang='lat' dir='ltr'>Pollux.</span> <span class='ocrx_word' id='word_1_196' title='bbox 448 1971 526 2013; x_wconf 86' lang='lat' dir='ltr'>IX.</span> <span class='ocrx_word' id='word_1_197' title='bbox 559 1969 650 2026; x_wconf 67' lang='lat'>44.)</span> <span class='ocrx_word' id='word_1_198' title='bbox 684 1975 724 2011; x_wconf 91' lang='lat' dir='ltr'>et</span> <span class='ocrx_word' id='word_1_199' title='bbox 756 1971 981 2025; x_wconf 74' lang='lat' dir='ltr'>Amphidis</span> <span class='ocrx_word' id='word_1_200' title='bbox 1015 1970 1085 2024; x_wconf 85' lang='lat' dir='ltr'>(cf.</span> <span class='ocrx_word' id='word_1_201' title='bbox 1111 1970 1262 2010; x_wconf 85' lang='lat' dir='ltr'>Athen.</span> <span class='ocrx_word' id='word_1_202' title='bbox 1284 1968 1404 2009; x_wconf 85' lang='lat' dir='ltr'>VIII.</span> <span class='ocrx_word' id='word_1_203' title='bbox 1438 1982 1476 2022; x_wconf 88' lang='lat' dir='ltr'>p.</span> <span class='ocrx_word' id='word_1_204' title='bbox 1503 1969 1600 2010; x_wconf 84' lang='lat'>336.</span> 
     </span>
     <span class='ocr_line' id='line_1_27' title="bbox 188 2040 1600 2096; baseline -0.004 -9"><span class='ocrx_word' id='word_1_205' title='bbox 188 2060 222 2087; x_wconf 79' lang='lat' dir='ltr'>c.</span> <span class='ocrx_word' id='word_1_206' title='bbox 250 2046 455 2087; x_wconf 82' lang='lat' dir='ltr'>Meineke.</span> <span class='ocrx_word' id='word_1_207' title='bbox 478 2045 528 2086; x_wconf 86' lang='lat' dir='ltr'>fr.</span> <span class='ocrx_word' id='word_1_208' title='bbox 543 2057 648 2085; x_wconf 88' lang='lat' dir='ltr'>com.</span> <span class='ocrx_word' id='word_1_209' title='bbox 675 2043 743 2084; x_wconf 85' lang='lat' dir='ltr'>Gr.</span> <span class='ocrx_word' id='word_1_210' title='bbox 769 2055 806 2083; x_wconf 83' lang='lat' dir='ltr'>V.</span> <span class='ocrx_word' id='word_1_211' title='bbox 827 2042 862 2083; x_wconf 85' lang='grc' dir='ltr'>Ι.</span> <span class='ocrx_word' id='word_1_212' title='bbox 890 2055 929 2096; x_wconf 89' lang='lat' dir='ltr'>p.</span> <span class='ocrx_word' id='word_1_213' title='bbox 949 2040 1080 2095; x_wconf 57' lang='lat'>405),</span> <span class='ocrx_word' id='word_1_214' title='bbox 1114 2042 1187 2095; x_wconf 86' lang='lat' dir='ltr'>qui</span> <span class='ocrx_word' id='word_1_215' title='bbox 1220 2043 1330 2082; x_wconf 85' lang='lat' dir='ltr'>circa</span> <span class='ocrx_word' id='word_1_216' title='bbox 1361 2041 1600 2082; x_wconf 79' lang='lat' dir='ltr'>Alexandri</span> 
     </span>
     <span class='ocr_line' id='line_1_28' title="bbox 186 2113 1599 2173; baseline -0.004 -14"><span class='ocrx_word' id='word_1_217' title='bbox 186 2118 329 2173; x_wconf 82' lang='lat' dir='ltr'>Magni</span> <span class='ocrx_word' id='word_1_218' title='bbox 383 2122 561 2159; x_wconf 83' lang='lat' dir='ltr'>aetatem</span> <span class='ocrx_word' id='word_1_219' title='bbox 604 2116 858 2157; x_wconf 81' lang='lat' dir='ltr'>floruerunt.</span> <span class='ocrx_word' id='word_1_220' title='bbox 926 2115 1123 2155; x_wconf 82' lang='lat' dir='ltr'>Alexidis</span> <span class='ocrx_word' id='word_1_221' title='bbox 1163 2114 1401 2155; x_wconf 88' lang='lat' dir='ltr'>comoedias</span> <span class='ocrx_word' id='word_1_222' title='bbox 1449 2128 1472 2154; x_wconf 90' lang='lat' dir='ltr'>a</span> <span class='ocrx_word' id='word_1_223' title='bbox 1518 2113 1599 2154; x_wconf 82' lang='lat' dir='ltr'>Ro-</span> 
     </span>
     <span class='ocr_line' id='line_1_29' title="bbox 188 2185 1599 2233; baseline -0.004 0"><span class='ocrx_word' id='word_1_224' title='bbox 188 2193 326 2233; x_wconf 83' lang='lat' dir='ltr'>manis</span> <span class='ocrx_word' id='word_1_225' title='bbox 358 2191 582 2232; x_wconf 80' lang='lat' dir='ltr'>translatas</span> <span class='ocrx_word' id='word_1_226' title='bbox 615 2202 708 2231; x_wconf 88' lang='lat' dir='ltr'>esse</span> <span class='ocrx_word' id='word_1_227' title='bbox 741 2191 921 2229; x_wconf 85' lang='lat' dir='ltr'>testatur</span> <span class='ocrx_word' id='word_1_228' title='bbox 953 2188 1117 2228; x_wconf 88' lang='lat' dir='ltr'>Gellius</span> <span class='ocrx_word' id='word_1_229' title='bbox 1149 2187 1203 2228; x_wconf 85' lang='lat' dir='ltr'>N.</span> <span class='ocrx_word' id='word_1_230' title='bbox 1227 2188 1276 2227; x_wconf 90' lang='lat' dir='ltr'>A.</span> <span class='ocrx_word' id='word_1_231' title='bbox 1294 2187 1437 2228; x_wconf 80' lang='lat'>11..23.</span> <span class='ocrx_word' id='word_1_232' title='bbox 1501 2185 1599 2227; x_wconf 83' lang='lat' dir='ltr'>For-</span> 
     </span>
     <span class='ocr_line' id='line_1_30' title="bbox 186 2259 1599 2305; baseline -0.004 0"><span class='ocrx_word' id='word_1_233' title='bbox 186 2268 299 2305; x_wconf 84' lang='lat' dir='ltr'>tasse</span> <span class='ocrx_word' id='word_1_234' title='bbox 332 2264 577 2304; x_wconf 85' lang='lat' dir='ltr'>alterutram</span> <span class='ocrx_word' id='word_1_235' title='bbox 610 2261 870 2303; x_wconf 87' lang='lat' dir='ltr'>comoediam</span> <span class='ocrx_word' id='word_1_236' title='bbox 905 2259 1050 2301; x_wconf 90' lang='lat' dir='ltr'>Cicero</span> <span class='ocrx_word' id='word_1_237' title='bbox 1083 2263 1256 2300; x_wconf 86' lang='lat' dir='ltr'>secutus</span> <span class='ocrx_word' id='word_1_238' title='bbox 1289 2264 1364 2302; x_wconf 88' lang='lat' dir='ltr'>est.</span> <span class='ocrx_word' id='word_1_239' title='bbox 1407 2259 1599 2300; x_wconf 84' lang='lat' dir='ltr'>Uxorius</span> 
     </span>
    </p>
   </div>
   <div class='ocr_carea' id='block_1_5' title="bbox 113 2329 1603 2389">
    <p class='ocr_par' dir='ltr' id='par_1_9' title="bbox 113 2329 1603 2389">
     <span class='ocr_line' id='line_1_31' title="bbox 113 2329 1603 2389; baseline -0.005 -10"><span class='ocrx_word' id='word_1_240' title='bbox 113 2373 120 2378; x_wconf 96' lang='lat'>.</span> <span class='ocrx_word' id='word_1_241' title='bbox 188 2338 336 2379; x_wconf 89' lang='lat' dir='ltr'>eadem</span> <span class='ocrx_word' id='word_1_242' title='bbox 390 2337 599 2378; x_wconf 88' lang='lat' dir='ltr'>sententia</span> <span class='ocrx_word' id='word_1_243' title='bbox 658 2339 783 2388; x_wconf 83' lang='lat' dir='ltr'>atque</span> <span class='ocrx_word' id='word_1_244' title='bbox 839 2329 1322 2389; x_wconf 56' lang='grc' dir='ltr'>,γι-ναικοκρατοίχιιειός(</span> <span class='ocrx_word' id='word_1_245' title='bbox 1377 2331 1603 2372; x_wconf 87' lang='lat' dir='ltr'>adhibetur</span> 
     </span>
    </p>
   </div>
   <div class='ocr_carea' id='block_1_6' title="bbox 188 2403 1601 2523">
    <p class='ocr_par' dir='ltr' id='par_1_10' title="bbox 188 2403 1601 2523">
     <span class='ocr_line' id='line_1_32' title="bbox 190 2403 1601 2461; baseline -0.005 -11"><span class='ocrx_word' id='word_1_246' title='bbox 190 2409 242 2450; x_wconf 89' lang='lat' dir='ltr'>ab</span> <span class='ocrx_word' id='word_1_247' title='bbox 274 2408 451 2450; x_wconf 84' lang='lat' dir='ltr'>Horatio</span> <span class='ocrx_word' id='word_1_248' title='bbox 492 2422 618 2450; x_wconf 87' lang='lat' dir='ltr'>carm.</span> <span class='ocrx_word' id='word_1_249' title='bbox 652 2408 685 2449; x_wconf 87' lang='lat' dir='ltr'>I.</span> <span class='ocrx_word' id='word_1_250' title='bbox 722 2408 758 2447; x_wconf 77' lang='lat'>2.</span> <span class='ocrx_word' id='word_1_251' title='bbox 795 2407 953 2461; x_wconf 77' lang='lat' dir='ltr'>19s20.‚</span> <span class='ocrx_word' id='word_1_252' title='bbox 984 2420 1007 2447; x_wconf 87' lang='lat' dir='ltr'>a</span> <span class='ocrx_word' id='word_1_253' title='bbox 1041 2405 1230 2460; x_wconf 79' lang='lat' dir='ltr'>Vergilio</span> <span class='ocrx_word' id='word_1_254' title='bbox 1258 2407 1367 2446; x_wconf 88' lang='lat' dir='ltr'>Aen.</span> <span class='ocrx_word' id='word_1_255' title='bbox 1389 2403 1464 2444; x_wconf 91' lang='lat' dir='ltr'>IV.</span> <span class='ocrx_word' id='word_1_256' title='bbox 1489 2403 1601 2457; x_wconf 60' lang='lat'>266„</span> 
     </span>
     <span class='ocr_line' id='line_1_33' title="bbox 188 2479 871 2523; baseline -0.004 0"><span class='ocrx_word' id='word_1_257' title='bbox 188 2497 212 2523; x_wconf 89' lang='lat' dir='ltr'>a</span> <span class='ocrx_word' id='word_1_258' title='bbox 243 2481 458 2523; x_wconf 83' lang='lat' dir='ltr'>Macrobio</span> <span class='ocrx_word' id='word_1_259' title='bbox 492 2486 568 2522; x_wconf 88' lang='lat' dir='ltr'>sat.</span> <span class='ocrx_word' id='word_1_260' title='bbox 602 2479 698 2521; x_wconf 85' lang='lat' dir='ltr'>VH.</span> <span class='ocrx_word' id='word_1_261' title='bbox 735 2480 769 2519; x_wconf 86' lang='lat'>3.</span> <span class='ocrx_word' id='word_1_262' title='bbox 805 2480 871 2520; x_wconf 85' lang='lat'>19.</span> 
     </span>
    </p>
   </div>
   <div class='ocr_carea' id='block_1_7' title="bbox 184 2590 471 2594">
    <p class='ocr_par' dir='ltr' id='par_1_11' title="bbox 184 2590 471 2594">
     <span class='ocr_line' id='line_1_34' title="bbox 184 2590 471 2594; baseline 0 0"><span class='ocrx_word' id='word_1_263' title='bbox 184 2590 471 2594; x_wconf 95' lang='lat' dir='ltr'> </span> 
     </span>
    </p>
   </div>
   <div class='ocr_carea' id='block_1_8' title="bbox 330 2628 1471 2679">
    <p class='ocr_par' dir='ltr' id='par_1_12' title="bbox 330 2628 1471 2679">
     <span class='ocr_line' id='line_1_35' title="bbox 330 2628 1471 2679; baseline -0.006 -10"><span class='ocrx_word' id='word_1_264' title='bbox 330 2635 369 2679; x_wconf 36' lang='grc' dir='ltr'>ᾖ)</span> <span class='ocrx_word' id='word_1_265' title='bbox 396 2634 633 2678; x_wconf 60' lang='grc' dir='ltr'>,ΑΙῡςοΠὶΙῡιιεζ</span> <span class='ocrx_word' id='word_1_266' title='bbox 659 2635 754 2668; x_wconf 83' lang='lat' dir='ltr'>recte</span> <span class='ocrx_word' id='word_1_267' title='bbox 781 2629 941 2666; x_wconf 79' lang='lat' dir='ltr'>Olivetus</span> <span class='ocrx_word' id='word_1_268' title='bbox 965 2630 1186 2675; x_wconf 76' lang='lat' dir='ltr'>supplevisse</span> <span class='ocrx_word' id='word_1_269' title='bbox 1209 2629 1298 2664; x_wconf 88' lang='lat' dir='ltr'>mihi</span> <span class='ocrx_word' id='word_1_270' title='bbox 1322 2628 1471 2663; x_wconf 80' lang='lat' dir='ltr'>videtur.</span> 
     </span>
    </p>
   </div>
   <div class='ocr_carea' id='block_1_9' title="bbox 1727 0 1813 2268">
    <p class='ocr_par' dir='ltr' id='par_1_13' title="bbox 1727 0 1813 2268">
     <span class='ocr_line' id='line_1_36' title="bbox 1727 0 1813 2268; baseline 0 0"><span class='ocrx_word' id='word_1_271' title='bbox 1727 0 1813 2268; x_wconf 95' lang='lat' dir='ltr'> </span> 
     </span>
    </p>
   </div>
  </div>
 </body>
</html>
