1813 2972
843 100 896 139 35

158 229 257 260 suae
304 216 437 270 spatio
492 220 818 258 monumentum
871 219 1139 268 statueretur,
1187 216 1275 256 sive
1325 222 1369 257 ut
1417 220 1571 260 amico-

159 303 253 332 rum
285 289 358 343 qui
406 287 591 329 reditum
640 289 865 330 effecerant
908 290 1059 330 merita
1105 287 1428 340 celebrarentur,
1480 292 1568 331 sive

158 366 205 404 ut
249 363 339 416 ipse
387 374 410 402 a
457 361 685 402 calumniis
736 362 1007 402 inimicorum
1060 364 1326 414 purgaretur,
1378 362 1466 401 sive
1527 367 1571 403 ut

156 434 353 490 splendor
384 434 546 475 reditus
579 448 602 474 a
625 433 854 475 Brundisio
887 446 962 487 per
980 433 1145 474 Ita-liam
1180 446 1314 487 usque
1347 434 1391 472 in
1413 433 1569 474 Urbem

155 507 464 549 nobilitaretur.
530 506 618 548 Iam
653 520 689 547 a.
729 506 795 547 56.
829 505 1064 547 Lucceium
1098 506 1347 546 historicum
1380 506 1571 559 longiore

156 580 337 635 epistula
369 579 454 633 (ad.
489 579 585 620 fam.
619 579 669 619 V.
707 577 807 634 12),
849 592 956 632 quae
997 583 1082 620 tota
1122 579 1172 619 de
1211 579 1287 619 hac
1326 591 1370 619 re
1423 581 1485 619 est.
1533 583 1572 619 et

156 667 282 707 quam
316 655 406 708 ipse
438 652 490 692 ad
523 653 605 693 Att.
641 651 713 692 IV.
749 652 786 692 6.
823 652 862 691 4.
897 652 1033 704 ,valde
1067 650 1234 692 bcllam‘
1275 663 1368 692 esse
1410 650 1570 703 scribit,

155 726 310 768 blande
343 725 653 780 quodammodo
686 725 800 777 adiit,
824 730 871 766 ut
903 725 1110 779 singulari
1143 723 1284 764 libelle
1317 727 1486 777 tempus
1519 723 1569 764 ab

154 799 273 839 initio
319 799 625 839 coniurationis
673 798 946 839 Catilinariae
998 809 1136 851 usque
1184 797 1236 837 ad
1283 796 1469 838 reditum
1517 809 1570 837 ex

147 871 304 912 exsilio
336 871 594 912 describeret
624 869 696 927 (cf.
719 872 742 925 ξ
768 873 811 923 2;
845 872 951 924 §4.>
983 871 1112 925 idque
1144 871 1214 923 ita,
1247 873 1295 910 ut
1320 870 1453 910 amori
1477 869 1571 923 plu-

156 943 325 984 sculum
359 957 487 997 quam
527 944 777 985 concederet
810 946 965 985 veritas
997 944 1223 997 largiretur
1260 941 1330 994 (cf.
1363 942 1387 996 ξ
1420 940 1497 996 3.),
1528 941 1571 982 id

155 1016 271 1070 quod
301 1016 427 1071 plane
465 1018 683 1071 ingenium
725 1017 938 1058 Ciceronis
977 1016 1172 1057 declarat.
1250 1015 1347 1069 Ipse
1397 1014 1570 1068 quidem

155 1089 391 1144 opprobriis
423 1094 674 1142 commotus,
698 1102 806 1144 quae
839 1090 963 1130 editis
997 1088 1301 1129 commentario
1336 1087 1496 1128 Graeco
1531 1090 1571 1128 et

155 1167 347 1217 poemate
379 1163 430 1204 de
463 1163 689 1204 consulatu
732 1164 776 1202 in
824 1175 921 1203 eum
971 1161 1303 1210 coniciebantur,
1352 1159 1569 1201 dubitasse

155 1235 323 1277 videtur
354 1235 404 1276 de
438 1248 483 1276 se
515 1235 717 1276 scribere:
769 1235 975 1275 minorem
1009 1246 1102 1275 esse
1134 1233 1262 1274 fidem
1303 1236 1343 1274 et
1391 1234 1570 1274 auctori-

155 1310 281 1348 tatem
329 1311 531 1361 expertus
576 1311 666 1349 erat
710 1306 780 1363 (cf.
815 1308 838 1361 ξ
888 1308 956 1359 8.).
1044 1306 1252 1348 Lucceius
1305 1318 1570 1360 quamquam

153 1381 346 1435 promisit
397 1393 440 1421 se
488 1380 701 1421 voluntati
749 1381 874 1421 amici
920 1379 1230 1421 obsecuturum
1271 1391 1363 1420 esse
1410 1376 1481 1434 (cf.
1519 1377 1571 1418 ad

154 1454 239 1494 Att.
272 1452 346 1494 IV.
382 1453 418 1493 6.
448 1455 490 1505 4;
530 1454 568 1494 9.
596 1455 639 1505 2;
679 1455 743 1494 11.
770 1454 834 1506 2.),
866 1456 1006 1494 tamen
1039 1453 1197 1493 librum
1231 1451 1453 1505 scripsisse
1486 1463 1571 1491 non

152 1525 334 1567 videtur.
397 1525 462 1567 Ita
495 1528 637 1568 evenit
669 1530 716 1567 ut
733 1524 894 1579 Cicero,
926 1529 974 1566 ut
1004 1526 1087 1565 iam
1122 1538 1157 1565 a.
1184 1524 1265 1577 60,
1287 1527 1390 1564 tune
1421 1536 1571 1564 rursus

154 1598 267 1652 quod
300 1599 371 1639 alii
402 1600 440 1640 ei
471 1604 639 1654 gratum
671 1599 810 1640 facere
832 1598 1034 1639 nolebant
1064 1598 1154 1651 ipse
1176 1597 1315 1638 facere
1337 1598 1572 1650 cogeretur,

152 1673 428 1726 narravitque
460 1673 661 1714 exsilium
693 1672 965 1725 reditumque
999 1670 1207 1712 versibus.

293 1744 554 1799 Inscriptum
601 1749 689 1786 erat
727 1757 908 1798 carmen,
957 1743 1070 1797 quod
1115 1744 1256 1797 ipsum
1308 1754 1477 1796 quoque
1525 1746 1572 1782 ut

152 1817 260 1858 illud
310 1818 360 1859 de
404 1818 628 1859 consulatu
660 1822 745 1859 tres
777 1818 908 1858 libros
940 1812 1187 1858 centinebat
1218 1815 1287 1868 (cf.
1323 1815 1376 1856 ad
1407 1815 1504 1856 fam.
1539 1814 1569 1855 Ι.

155 1889 191 1930 9.
225 1890 323 1943 23),
371 1890 434 1943 ,de
467 1891 728 1946 temporibus
761 1890 879 1932 meis‘
925 1889 994 1931 vel
1040 1888 1235 1931 similiter
1282 1886 1352 1944 (cf.
1386 1888 1440 1928 ad
1471 1888 1570 1928 fam.
1626 1906 1627 1909 ¹

153 1962 186 2004 Ι.
223 1963 260 2005 9.
295 1964 391 2016 23.).
452 1963 658 2018 Tempora.
688 1965 756 2005 hic
786 1962 1063 2018 intelligenda
1094 1965 1194 2003 sunt
1225 1964 1416 2016 tempora
1446 1962 1571 2002 mise-

152 2037 312 2076 riarum
345 2036 731 2092 calamitatumque,
775 2038 800 2079 i.
836 2049 870 2078 e.
903 2036 1104 2077 exsilium
1140 2032 1444 2090 (reditusque).
1506 2033 1570 2075 Si-

153 2109 312 2149 militer
343 2109 479 2163 posita
518 2114 582 2150 est
618 2122 704 2150 vox
736 2123 759 2150 a
792 2108 992 2150 Cicerone
1023 2120 1099 2162 pro
1131 2106 1239 2148 Sest.
1275 2107 1343 2149 58.
1380 2107 1482 2153 123;
1518 2107 1571 2148 ad

152 2180 250 2222 fam.
282 2181 316 2222 Ι.
351 2181 387 2223 6.
425 2182 461 2221 2.
534 2181 673 2223 Facile
720 2186 861 2223 autem
906 2181 1127 2222 intellectu
1160 2183 1235 2233 est,
1265 2179 1361 2220 lene
1392 2179 1499 2220 illud
1532 2183 1573 2221 et

153 2267 330 2308 parcum
362 2266 519 2295 nomen
544 2253 733 2296 Ciceroni
765 2256 902 2310 magis
934 2255 1144 2308 placuisse
1177 2266 1305 2307 quam
1338 2253 1480 2295 exsilii
1502 2253 1572 2294 vel

155 2326 272 2368 aliud
304 2327 515 2368 eiusmodi
546 2339 702 2368 nomen
734 2328 910 2381 gravius
943 2330 984 2368 et
1015 2326 1224 2368 acerbius.

295 2401 353 2440 At
396 2399 510 2440 haud
547 2400 607 2440 ita
652 2402 776 2454 pauci
828 2401 910 2441 viri
958 2400 1069 2441 docti
1118 2402 1164 2440 ut
1211 2398 1259 2440 G.
1307 2398 1341 2440 Ι.
1376 2398 1574 2452 Vossius,

156 2471 389 2527 Fabricius,
432 2471 751 2523 Middletonius‚
797 2471 1084 2527 Spaldingius,
1126 2471 1338 2524 Handius,
1373 2469 1570 2523 Orellius,

155 2543 362 2599 Nobbius,
423 2544 692 2597 Leutschius,
735 2545 936 2586 Baiterus
984 2546 1015 2585 δε
1052 2543 1282 2597 Kayserus,
1347 2542 1391 2585 C.
1424 2543 1466 2584 F.
1494 2543 1568 2586 W.

155 2616 390 2659 Muellerus
421 2618 611 2660 iudicant
642 2617 722 2660 hoc
754 2629 930 2660 carmen·
956 2617 1070 2659 idem
1102 2629 1194 2658 esse
1227 2614 1495 2670 atqueillud
1518 2617 1569 2658 de

1295 2692 1339 2728 3*
