1813 2972
930 107 985 147 42

252 225 308 265 II.
340 238 382 279 p.
409 225 508 267 466.
529 225 565 266 1.
590 224 735 266 Cicero
769 224 1003 266 defendens
1034 225 1086 265 in
1116 225 1331 268 invectiva
1360 227 1406 268 in
1428 227 1528 269 Sall.
1562 229 1598 268 2.
1630 229 1667 274 7,

251 297 441 351 fingitur.

393 370 489 411 Non
527 371 872 425 praetermittam,
910 368 953 411 C.
987 368 1032 410 F.
1066 368 1136 411 W.
1169 368 1424 413 Muellerum
1463 373 1547 426 (ed.
1581 372 1669 415 Cic.

207 479 212 483 .
252 442 300 484 P.
332 442 408 484 IV.
441 457 482 485 v,
520 443 596 485 ΠΙ.
634 457 672 497 p.
708 442 823 498 397.)
855 442 970 483 locos
1007 442 1103 483 illos
1137 454 1189 483 ex
1222 455 1314 497 epp.
1348 444 1401 484 ad
1430 444 1528 486 fam.
1562 445 1594 487 1.
1632 446 1668 486 9.

55 967 160 992 Poema
179 967 212 991 de

71 1002 199 1027 Caesaris

46 1037 223 1069 expeditione

47 1073 220 1098 Britannica.

253 516 327 570 233
362 516 413 556 ad
447 514 494 564 Q.
527 515 579 557 fr.
622 515 676 557 Π.
715 516 780 556 13.
814 516 859 569 2;
907 514 963 558 Π.
1000 515 1067 557 15.
1103 515 1149 569 5·,
1186 515 1314 557 schol.
1349 515 1454 558 Bob.
1485 519 1532 558 in
1564 521 1667 560 orat.

251 601 326 642 pro
358 587 505 630 Plane.
556 588 624 629 30.
665 589 732 629 74.
766 589 874 629 mire
914 589 1226 642 quodammodo
1274 601 1524 643 componere
1571 602 1668 630 cum

251 661 371 711 locis,
419 661 496 715 qui
544 660 595 701 ad
643 662 998 702 commentarium
1042 661 1253 702 Graecum
1299 662 1511 704 referendi
1557 667 1669 705 sunt.

254 732 394 775 Claret
447 734 799 774 commentarium
851 733 974 774 illum
1024 733 1234 774 Graecum
1287 735 1425 776 soluta
1479 736 1668 776 oratione

255 808 462 861 scriptum
495 819 582 847 non
614 806 727 847 idem
762 819 854 847 esse
886 819 1010 860 posse
1043 810 1171 860 atque
1203 807 1277 848 illa
1309 809 1498 848 carmina
1519 807 1670 848 Latina

254 879 305 920 de
339 879 565 920 consulatu
598 883 639 919 et
672 879 822 920 exsilio
855 880 1101 933 composita.

395 951 492 991 Alio
541 952 728 993 carmine
772 953 889 1007 epico
929 951 1120 993 Caesaris
1153 952 1467 1006 expeditionem
1497 953 1668 994 Britan·
1730 944 1735 948 ’

254 1026 392 1065 nicam
429 1023 573 1065 Cicero
605 1025 848 1065 illustravit.
910 1025 970 1066 Iis
1004 1025 1117 1066 enim
1152 1037 1261 1079 quae
1288 1026 1400 1066 inter
1421 1026 1668 1067 triumviros

255 1097 394 1138 Lucae
427 1111 462 1138 a.
498 1097 564 1138 56.
599 1101 887 1139 convenerant
920 1097 1156 1152 divolgatis,
1197 1097 1314 1138 unde
1353 1099 1565 1152 apparuit,
1597 1111 1668 1140 eos

253 1183 404 1211 rursus
437 1171 572 1211 artius
603 1171 714 1212 inter
761 1184 804 1212 se
851 1171 1021 1212 iunctos
1069 1183 1172 1223 esse,
1210 1169 1401 1212 Caesaris
1434 1171 1670 1212 adversarii

256 1243 330 1297 qui
362 1243 414 1283 ad
461 1243 569 1283 illud
615 1246 784 1298 tempus
831 1244 1003 1285 fuerant
1050 1257 1205 1298 magna
1237 1257 1258 1285 e
1291 1246 1408 1298 parte
1440 1244 1670 1285 studebant

252 1317 297 1356 in
329 1317 507 1370 gratiam
553 1328 650 1356 cum
700 1328 748 1357 eo
780 1316 929 1369 redire,
977 1329 1074 1358 cum
1105 1318 1246 1362 ⁴multi
1277 1320 1368 1358 tum
1403 1316 1560 1370 Cicero,
1593 1319 1669 1371 qui

253 1388 380 1428 etiam
413 1388 539 1442 paulo
572 1392 668 1429 ante
700 1402 846 1430 mense
878 1389 1014 1443 Aprili
1049 1389 1100 1429 ad
1132 1393 1326 1430 senatum
1358 1391 1590 1443 rettulerat,
1623 1394 1669 1431 ut

253 1472 452 1513 agrorum
487 1461 716 1503 divisiones
750 1475 856 1516 quas
888 1462 960 1503 ille
992 1463 1036 1502 in
1071 1461 1300 1516 Campania
1330 1464 1572 1504 instituerat
1603 1477 1669 1505 re-

253 1537 545 1575 censerentur.
605 1534 702 1589 Ipse
734 1536 775 1575 in
812 1548 876 1590 ep.
910 1535 962 1576 ad
993 1536 1079 1576 Att.
1111 1535 1186 1577 IV.
1224 1537 1262 1578 5.
1287 1537 1327 1577 3.
1361 1534 1416 1591 (a.
1443 1536 1532 1590 56.)
1554 1537 1668 1577 haud

252 1606 311 1646 ita
344 1606 625 1648 honorificum
659 1621 815 1650 nomen
848 1609 957 1649 asini
989 1608 1073 1649 sibi
1104 1609 1297 1663 imponit,
1331 1609 1445 1662 quod
1478 1609 1530 1650 ad
1561 1609 1668 1650 illud

252 1682 420 1733 tempus
452 1684 538 1721 tam
570 1680 811 1722 inconsulte
845 1685 884 1722 et
916 1682 1138 1722 temerarie
1162 1695 1206 1722 se
1227 1683 1419 1735 gesserit.
1473 1681 1667 1723 Primum

253 1753 542 1793 testimonium
595 1766 639 1794 se
694 1752 885 1795 Caesaris
938 1759 1079 1808 partes
1139 1755 1262 1808 sequi
1316 1754 1485 1808 publice
1538 1755 1669 1796 edidit

254 1825 443 1866 oratioue
476 1825 539 1878 ,de
570 1827 801 1880 provinciis
834 1827 1144 1868 consularibus<
1188 1840 1335 1868 mense
1368 1826 1480 1868 Maio
1511 1826 1666 1878 habita,

255 1910 339 1950 qua
386 1898 524 1952 legem
570 1900 687 1940 illam
735 1899 992 1941 Treboniam
1039 1904 1086 1941 ut
1133 1899 1302 1942 Caesari
1347 1901 1573 1954 imperium
1621 1901 1668 1940 111

254 1969 391 2011 Gallia
422 1972 464 2011 in
501 1973 693 2026 quinque
727 1986 861 2014 annos
902 1978 1200 2028 prorogaretur
1232 1973 1409 2015 adiuvit.
1471 1972 1668 2014 Fortasse

253 2043 363 2084 hanc
397 2046 643 2095 orationem,
685 2050 731 2086 111
766 2044 1071 2087 Mommsenius
1121 2046 1238 2102 (hist.
1269 2045 1389 2086 Rom.
1422 2044 1480 2086 55‘.
1512 2045 1590 2086 III.
1622 2060 1663 2100 p.

256 2117 353 2157 309.
388 2115 505 2172 adn.)
540 2118 644 2170 vult,
694 2117 838 2159 Cicero
885 2120 931 2159 in
981 2120 1121 2160 animo
1161 2118 1286 2159 habet
1316 2120 1360 2159 in
1394 2131 1457 2173 ep.
1491 2119 1540 2159 ad
1575 2119 1667 2161 Att.

254 2188 329 2231 IV.
355 2191 393 2230 ὅ.
429 2189 464 2230 1.
498 2190 551 2244 (a.
577 2190 676 2243 56),
710 2204 839 2245 quem
871 2192 1012 2232 locum
1045 2192 1129 2232 iam
1162 2205 1289 2246 supra
1322 2192 1375 2246 (p.
1409 2193 1498 2245 22.)
1530 2192 1664 2233 attuli.

253 2261 350 2303 Non
384 2267 525 2304 autem
558 2263 792 2317 probabilis
826 2277 918 2305 esse
962 2265 1065 2304 mihi
1106 2265 1276 2306 videtur
1313 2265 1521 2306 sententia
1553 2263 1666 2305 Tun-

254 2335 377 2389 stalli,
411 2337 484 2390 (1111
508 2342 586 2390 (ep.
608 2335 724 2392 102.)
748 2341 881 2391 putat,
913 2336 1120 2378 vocabulo
1154 2335 1406 2393 παλινῳδία
1438 2337 1667 2391 significari

255 2421 424 2450 carmen
457 2409 509 2449 acl
542 2408 766 2450 Caesarem
800 2411 993 2451 missum.
1058 2409 1147 2450 Vix
1190 2411 1303 2451 enim
1348 2410 1547 2452 credibile
1593 2416 1667 2464 est,

255 2481 502 2523 Ciceronem
534 2494 636 2531 16111,
661 2494 769 2535 quae
800 2483 892 2536 ipsi,
926 2486 975 2523 ut
1005 2483 1077 2523 ille
1099 2483 1218 2524 locus
1249 2483 1294 2523 in
1327 2483 1510 2536 epistula
1541 2486 1667 2524 testa-

254 2559 335 2608 tur,
368 2555 667 2596 molestissima
700 2559 739 2596 et
770 2555 1024 2608 gravissima
1056 2560 1156 2609 erat,
1189 2555 1422 2609 explicasse
1455 2554 1665 2596 versibus

255 2626 478 2679 Praeterea
524 2641 578 2669 ex
620 2640 681 2681 ep.
726 2628 776 2668 ad
821 2627 868 2676 Q.
913 2628 960 2668 fr.
1011 2628 1065 2669 Π.
1111 2629 1175 2668 15.
1220 2629 1256 2668 2.
1300 2626 1353 2682 (a.
1400 2627 1488 2681 54.)
1532 2627 1668 2668 conici
