1813 2972
0 2454 3 2470 !

0 2518 14 2550 i.

0 2558 5 2578 r

0 2586 6 2603 ι

0 2686 10 2726 ἔ

0 2730 9 2778 ἑ

855 109 910 149 45

177 225 526 278 restingueretur.
593 224 684 274 Quo
718 226 874 267 factum
908 229 982 278 est,
1015 228 1062 266 ut
1099 224 1155 275 id,
1188 224 1301 277 quod
1335 224 1417 263 iam
1451 224 1493 263 iu
1529 235 1595 276 ep.

180 297 230 338 ad
266 295 310 345 Q.
342 297 389 338 fr.
423 297 479 338 ΙΙ.
516 298 582 338 15.
622 300 658 338 2.
690 311 742 339 ne
774 298 893 339 fieret
924 299 1144 347 metuerat,
1175 307 1220 336 re
1254 308 1353 335 vera
1385 295 1596 335 accideret

180 382 449 423 carmenque,
494 375 723 425 postquam
756 369 981 421 inchoavit,
1029 368 1080 408 ad
1116 371 1285 420 tempus
1318 367 1595 420 seponcrct.*)

179 440 259 483 Sed
309 454 405 483 cum
454 442 638 492 Quintus
686 442 814 484 frater
862 440 1080 482 Caesarem
1143 440 1367 480 certiorem
1414 437 1596 490 fecisset,

178 513 369 556 Marcum
418 517 461 556 in
507 528 602 557 euni
651 527 802 556 versus
835 514 1030 564 condere,
1063 513 1253 554 hortante
1286 512 1413 552 fratre
1447 510 1595 551 Cicero

178 587 229 628 ad
262 600 431 629 carmen
465 589 722 639 institutum,
761 599 1022 640 quamquam
1062 585 1175 626 haud
1192 586 1250 626 ita
1282 597 1436 638 magno
1455 583 1596 625 studio

176 660 448 714 incitabatur,
480 663 666 701 exeunte
700 672 811 700 anno
843 658 1034 713 rediit**)
1066 658 1226 711 illoque
1258 658 1350 712 ipso
1384 669 1494 697 anno
1515 656 1597 708 54„

176 737 401 787 postquam
447 746 523 774 sex
569 733 656 774 fere
696 737 794 774 aute
827 733 1046 774 mensibus
1079 731 1309 783 inchoavit,
1341 730 1521 771 confecit
1553 733 1596 770 ct

176 806 234 847 ita
267 806 453 859 quidem,
503 810 548 848 ut
579 807 659 861 ipsi
703 806 814 847 haud
849 803 1192 859 displiceret.***)
1253 801 1344 845 Nec
1382 815 1482 844 vero
1516 803 1594 843 du-

155 877 402 919 ‘bitandum
436 883 510 932 est,
556 880 658 933 quin
694 892 855 933 poema,
897 882 944 920 ut
975 878 1160 932 primum
1194 877 1359 918 occasio
1393 876 1488 917 data
1521 879 1596 927 est,

177 950 228 991 ad
262 950 485 993 Caesarem
517 953 692 1003 miserit,
738 953 986 1006 praesertim
1032 963 1130 991 cum
1162 950 1253 1004 ipse
1285 961 1334 990 eo
1367 949 1594 990 delectare-

176 1028 258 1066 tur.
324 1023 605 1066 Drumannus
639 1025 811 1079 quidem
847 1024 890 1081 (l.
926 1038 958 1066 c.
991 1038 1030 1066 ν.
1063 1022 1342 1078 111.p.322.)
1374 1025 1508 1077 putat,
1542 1021 1594 1063 ad

175 1097 300 1138 illum
322 1097 569 1140 Ciceronem
603 1099 769 1141 mittere
802 1098 1034 1150 dubitasse,
1067 1097 1141 1138 sed
1174 1096 1216 1138 id
1247 1097 1302 1138 iis
1334 1096 1452 1149 locis,
1486 1107 1595 1149 quos

176 1170 243 1210 vir
291 1170 441 1213 doctus
483 1171 602 1213 affert
648 1171 718 1226 (ad
751 1170 798 1220 Q.
847 1171 896 1213 fr.
943 1170 1023 1212 III.
1062 1171 1099 1212 1.
1133 1170 1178 1221 43
1225 1169 1301 1210 III.
1336 1169 1374 1208 8.
1408 1169 1472 1221 3.),
1505 1181 1593 1209 non

175 1241 368 1285 efficitur.
895 1234 898 1235 ⁷

317 1314 461 1358 Huius
513 1317 714 1358 carminis
765 1329 905 1371 neque
957 1316 1198 1371 fragmenta
1246 1317 1417 1357 exstant
1448 1327 1593 1369 neque

176 1387 288 1442 apud
315 1390 418 1430 alios
450 1390 676 1444 scriptores
709 1390 868 1431 mentio
899 1389 959 1431 fit.

317 1463 357 1503 A
404 1467 597 1518 poemate
645 1463 696 1504 ad
745 1462 965 1504 Caesarem
1015 1463 1144 1504 misso
1195 1461 1446 1503 secernendi
1493 1464 1596 1502 sunt

174 1546 339 1588 versus,
372 1549 480 1590 quos
514 1535 659 1577 Cicero
692 1535 840 1578 eodem
871 1536 945 1577 illo
978 1549 1089 1577 anno
1125 1536 1190 1575 54.
1209 1535 1357 1576 eadem
1387 1535 1439 1576 de
1465 1546 1593 1588 expe-

177 1606 335 1649 ditione
366 1607 613 1650 Britannica
643 1609 878 1663 scripturus
911 1611 1010 1650 erat.
1081 1607 1269 1657 Quintus
1303 1608 1416 1648 enim
1448 1607 1593 1657 frater,

177 1679 251 1732 qui
283 1683 375 1721 tum
406 1686 494 1724 erat
523 1683 570 1723 in
601 1682 826 1723 Britannia
859 1680 1049 1724 Caesaris
1080 1681 1261 1736 legatus,
1293 1681 1386 1722 eius
1418 1680 1593 1734 expedi-

317 1844 349 1891 *)
376 1847 420 1880 ad
446 1847 486 1890 Q.
513 1847 554 1883 fr.
580 1846 648 1883 111.
679 1847 708 1881 1.
736 1847 791 1881 11.
824 1846 868 1892 (a.
895 1846 950 1881 54.
969 1846 1041 1880 fere
1066 1856 1187 1880 mense
1212 1844 1424 1890 Septembri)
1452 1854 1595 1889 ‚poema

175 1905 221 1940 ad
246 1905 431 1943 Caesarem
457 1910 552 1953 quod
575 1909 802 1944 institueram
826 1907 959 1943 incidi.‘

294 1967 347 2012 **)
373 1970 418 2004 ad
443 1970 483 2013 Q.
510 1970 552 2006 fr.
578 1970 646 2004 III.
674 1970 704 2004 8.
733 1969 766 2003 3.
795 1968 839 2014 (a.
865 1968 921 2003 54.
948 1968 1019 2003 fere
1044 1978 1164 2003 mense
1188 1966 1396 2002 Novembri.
1424 1965 1466 2001 cf.
1494 1965 1515 2010 ξ
1542 1966 1592 2008 5.)

176 2029 282 2072 ,quod
305 2041 362 2065 me
399 2031 604 2069 institutum
636 2032 681 2066 ad
712 2031 813 2066 illum
846 2042 972 2075 poema
997 2030 1097 2065 iubes
1122 2028 1298 2074 perficere,
1325 2028 1395 2063 etsi
1419 2027 1594 2062 distentus

176 2099 255 2124 cum
291 2102 400 2138 opera
435 2095 512 2129 tum
550 2093 669 2128 animo
712 2104 790 2127 sum
827 2092 940 2127 multo
983 2091 1111 2136 magis,
1161 2092 1294 2135 tamen,
1345 2089 1512 2134 quoniam
1551 2099 1594 2122 ex

175 2151 329 2195 epistula
367 2165 470 2198 quam
497 2155 542 2190 ad
574 2157 610 2191 te
642 2154 808 2189 miseram
834 2153 1001 2198 cognovit
1026 2151 1164 2196 Caesar,
1189 2162 1247 2187 me
1271 2150 1406 2195 aliquid
1430 2160 1506 2186 esse
1532 2160 1590 2184 ex-

176 2222 304 2258 orsum,
342 2219 496 2252 revertar
536 2216 582 2251 ad
616 2216 823 2251 institutum
854 2215 961 2259 idque
992 2214 1172 2259 perficiam
1202 2213 1259 2248 his
1291 2211 1590 2257 supplicationum

176 2273 298 2308 otiosis
323 2275 469 2311 diebus.‘
1222 2310 1225 2313 ,

271 2334 346 2381 ***)
377 2338 422 2372 ad
467 2338 507 2381 Q.
551 2338 592 2375 fr.
631 2338 699 2374 111.
732 2338 765 2373 9.
809 2341 840 2375 6.
880 2337 987 2382 ,quod
1022 2347 1079 2372 me
1119 2335 1272 2371 hortaris
1309 2336 1350 2369 ut
1387 2333 1592 2368 absolvam:

175 2394 290 2432 habeo
315 2397 516 2435 absolutum
542 2410 663 2441 suave,
694 2399 784 2434 mihi
810 2399 953 2444 quidem
979 2399 1020 2432 ut
1043 2397 1192 2438 videtur,
1217 2401 1301 2432 ἔπος
1326 2395 1371 2430 ad
1384 2393 1591 2429 Caesarem:

176 2457 239 2491 sed
275 2457 485 2504 locupletem
510 2460 734 2496 tabellarium
759 2470 902 2505 quaero,
939 2469 984 2495 ne
1015 2458 1153 2493 accidat
1176 2457 1271 2502 quod
1293 2456 1470 2501 Erigonae
1496 2457 1592 2497 tuae,

177 2519 234 2553 cui
269 2520 336 2556 soli
372 2520 522 2558 Caesare
557 2522 771 2567 imperatore
809 2521 878 2556 iter
903 2531 944 2557 ex
977 2519 1094 2554 Gallia
1117 2519 1235 2553 tutum
1259 2528 1331 2552 non
1356 2516 1447 2552 fuit.k
1493 2516 1590 2550 Haec

177 2580 327 2625 epistula
350 2581 446 2618 haud
461 2583 514 2618 ita
538 2583 652 2617 multo
679 2589 759 2617 ante
784 2582 868 2618 anni
896 2581 953 2616 53.
978 2580 1121 2615 initium
1145 2578 1254 2614 missa
1279 2579 1344 2624 est,
1370 2577 1414 2613 cf.
1440 2576 1462 2623 ξ
1487 2577 1509 2611 3
1536 2577 1593 2621 ,de

175 2643 278 2676 motu
301 2643 500 2687 temporum
524 2644 697 2679 venientis
723 2644 806 2682 anni
831 2670 839 2678 .
867 2670 875 2678 .
902 2635 938 2678 .“
