1813 2972
795 102 845 143 11

257 221 426 277 ,Nilum‘
467 234 637 277 quoque
677 221 921 262 Ciceronem
960 218 1191 261 verisimile
1225 222 1287 259 est
1319 219 1370 258 ad
1405 218 1533 259 Grae-

115 310 212 339 cum
252 296 466 351 quoddam
505 294 750 349 exemplum
792 292 1081 348 composuisse
1119 290 1263 344 idque,
1305 295 1350 330 ut
1382 291 1533 332 titulus

117 369 340 412 ostendere
391 368 576 415 videtur,
625 367 977 408 Alexandrinum.
1050 363 1246 405 Ceterum
1294 363 1405 403 idem
1445 366 1535 403 crat

115 443 268 485 titulus
310 442 509 483 carminis
541 439 777 491 cuiusdam,
819 438 933 492 qnod
965 438 1077 478 circa
1108 436 1238 477 finem
1272 436 1411 489 quarti
1446 447 1534 475 sae-

117 516 202 558 culi
249 529 288 570 p.
338 514 431 556 Chr.
480 511 740 554 Claudianus
787 511 977 552 condidit
1025 510 1172 565 (Gosn.
1207 509 1273 549 47.
1324 527 1371 544 =
1415 507 1534 561 Jeep.

119 589 307 630 carmina
338 588 512 628 minora.
546 585 644 635 27).

262 661 314 701 In
357 658 642 700 adulescentia
681 656 826 698 Cicero
849 658 968 698 Arati
1010 668 1181 710 quoque
1215 655 1404 696 carmina
1437 666 1536 694 con·
1598 664 1709 689 Ara-toa.

1586 700 1724 729 ‹l'lmcno-

120 735 260 787 vertit,
300 743 408 787 quae
446 731 557 772 inter
600 731 826 771 notissima
880 730 1302 783 divolgatissimaque
1345 727 1756 801 Alexa¹¹‘1›r0·3ffi¹}{il2a)

121 807 338 848 drinorum
371 803 638 845 numeranda
670 807 780 844 sunt.
844 801 981 852 Quam
1016 802 1204 843 studiose
1236 801 1421 842 lectitata
1453 800 1539 840 sint
1605 789 1619 801 ⁶
1735 790 1740 795 ’

92 878 161 920 ‘et
191 891 214 919 a
247 876 418 918 Graecis
451 880 491 917 et
522 889 545 916 a
564 875 782 928 Romanis,
805 876 926 916 docet
950 888 1132 930 magnus
1155 886 1364 915 numerus
1388 885 1539 914 eorum

121 952 194 1005 qui
213 954 286 992 aut
305 950 631 992 commentarios
650 949 701 990 ad
726 949 799 989 illa
816 949 1005 989 carmina
1032 950 1363 1002 composuerunt
1388 949 1460 986 aut
1482 958 1531 986 ea

118 1024 160 1065 in
181 1022 378 1064 Latinum
403 1023 710 1064 transtulerunt
732 1022 799 1062 vel
822 1021 1000 1062 liberius
1019 1021 1169 1061 imitati
1192 1023 1302 1061 sunt.
1356 1019 1540 1071 Primus,

122 1096 237 1150 quod
286 1095 458 1149 quidem
501 1098 649 1136 notum
696 1095 760 1146 sit,
807 1094 1016 1134 convertit
1059 1093 1218 1146 Cicero,
1259 1093 1395 1134 secuti
1439 1094 1540 1133 sunt

123 1168 430 1225 posterioribus
462 1166 728 1221 temporibus
762 1165 1041 1207 Germanicus
1075 1165 1229 1207 Caesar
1260 1169 1300 1206 et
1328 1166 1536 1206 Avienus:

123 1245 337 1296 praeterea
368 1240 502 1281 Varro
534 1241 745 1281 Atacinus
772 1244 812 1280 et
832 1238 1049 1292 Vergilius
1082 1242 1122 1279 et
1155 1237 1336 1279 Ovidius
1369 1238 1539 1291 saepius

124 1314 177 1355 ad
209 1315 390 1355 Aratum
423 1313 657 1354 recurrisse
690 1312 900 1353 videntur.
971 1312 1125 1353 Avieni
1164 1315 1204 1352 et
1242 1312 1540 1353 Phaenomena

125 1390 165 1428 et
196 1386 474 1440 Prognostica
506 1389 593 1426 tota
626 1388 810 1437 exstant,
844 1383 1085 1425 Germanici
1113 1384 1413 1425 Phaenomena
1442 1387 1542 1435 tota,

126 1458 342 1500 Ciceronis
388 1459 568 1500 duorum
616 1458 853 1498 carminum
900 1457 1016 1498 haud
1048 1458 1106 1498 ita
1138 1470 1275 1511 pauca
1305 1456 1541 1510 fragmenta

125 1533 305 1582 minora,
347 1544 527 1586 quorum
561 1531 745 1585 plurima
779 1530 891 1583 apud
925 1542 1023 1571 eum
1057 1531 1211 1584 ipsum,
1251 1531 1462 1584 imprimis
1494 1531 1540 1570 in

125 1604 244 1646 libris
292 1605 343 1646 de
385 1609 540 1645 natura
578 1603 755 1644 deorum
800 1607 841 1644 et
888 1602 939 1644 de
988 1603 1263 1655 divinatione,
1325 1607 1365 1643 et
1427 1602 1541 1656 apud

125 1678 434 1732 grammaticos,
481 1677 703 1730 praecipue
744 1676 1021 1727 Priscianum,
1069 1678 1387 1728 servata-sunt3
1421 1688 1541 1729 prae-

127 1754 240 1791 terea
272 1751 316 1790 in
349 1749 642 1803 compluribus
675 1748 894 1789 codicibus
926 1749 1060 1788 maior
1086 1750 1199 1789 inter
1232 1759 1276 1788 se
1309 1748 1540 1789 cohaerens

125 1835 221 1876 pars
265 1823 365 1864 480.
413 1835 560 1863 versus
606 1821 827 1875 complexa
888 1820 1080 1873 traditur,
1143 1833 1253 1874 quae
1315 1821 1542 1874 respondet

127 1895 244 1936 Arati
291 1894 602 1936 Phaenomenis
650 1908 690 1936 v.
726 1894 970 1935 230—700.
1049 1892 1185 1933 Multa
1233 1904 1333 1934 cum
1371 1898 1459 1935 arte
1492 1907 1541 1935 ea

129 1980 235 2021 quae
275 1967 427 2009 desunt
470 1967 734 2022 supplevisse
766 1978 1026 2020 carmenque
1056 1966 1169 2006 inter
1205 1977 1250 2006 se
1287 1967 1540 2008 continuum

126 2040 322 2081 refecisse
364 2039 417 2081 H.
463 2039 656 2080 Grotium
704 2043 853 2080 notum
898 2043 961 2080 est
1005 2038 1051 2077 in
1083 2041 1361 2091 ,syntagmate
1393 2040 1542 2080 Arate-

128 2113 265 2154 orum‘
310 2112 466 2167 (Lugd.
500 2112 589 2154 Bat.
629 2111 787 2166 1600.),
827 2111 940 2166 quod
973 2114 1062 2152 erat
1094 2112 1188 2151 eius
1219 2112 1406 2164 primum
1441 2126 1544 2168 opu-

128 2185 296 2226 sculum
328 2186 644 2240 philologicum.
708 2184 859 2238 Neque
882 2183 1224 2238 praetermittam,
1249 2185 1360 2237 quod
1384 2184 1544 2240 Lupus,

128 2257 258 2299 abbas
302 2257 585 2300 Ferrariensis
633 2257 762 2313 (Lupi
794 2269 920 2311 opera
953 2256 1018 2297 ed.
1055 2255 1112 2298 St.
1145 2255 1295 2298 Baluz.
1334 2258 1540 2311 Antverp.

131 2331 254 2371 1710.
288 2332 407 2385 epist.
444 2332 510 2373 69.
545 2345 584 2386 p.
621 2330 733 2385 112.)
780 2329 1011 2382 Ansbaldo,
1047 2329 1254 2369 monacho
1286 2328 1542 2381 Prumiensi‚

131 2403 295 2446 scribit:
327 2407 386 2457 ,tu
431 2408 576 2445 autem
619 2405 719 2444 huic
751 2406 895 2444 nostro
929 2403 1093 2443 cursori
1123 2401 1311 2442 Tullium
1343 2403 1388 2442 in
1414 2404 1544 2442 Arato

130 2476 258 2529 trade,
304 2480 353 2517 ut
398 2489 453 2517 ex
500 2489 561 2529 eo,
609 2488 735 2530 quem
780 2488 848 2517 me
890 2476 1219 2529 impetraturum
1252 2475 1388 2528 credo,
1436 2487 1544 2528 quae

132 2547 276 2590 deesse
306 2549 370 2589 illi
401 2548 516 2604 Eigil
547 2554 692 2590 noster
724 2549 900 2603 aperuit,
933 2546 1238 2602 suppleantur)
1273 2560 1383 2602 quae
1415 2546 1546 2588 verba

130 2620 213 2661 iam
245 2620 468 2663 Fabricius
501 2621 619 2676 (bibl.
652 2621 741 2664 Lat.
777 2622 808 2662 I.
841 2620 913 2663 li'b.
948 2620 981 2661 Ι.
1014 2633 1046 2661 c.
1081 2621 1135 2672 8.)
1168 2624 1322 2662 monet.
1386 2619 1546 2660 Verisi-
