1813 2972
128 895 153 923 ο
217 850 494 928 Ciceronem
542 884 690 921 notum
734 884 808 932 est,
857 884 905 921 ut
950 884 1037 921 erat
1071 880 1293 934 multiplici
1324 881 1484 934 ingenii

73 953 214 994 indole
245 954 500 1007 magnisque
532 954 663 994 animi
697 953 978 1006 facultatibus,
1015 966 1111 994 cum
1145 953 1290 994 multis
1322 953 1485 994 artibus

75 1026 273 1067 allectum
307 1031 395 1066 turn
437 1039 523 1066 non
571 1026 838 1067 mediocriter
885 1026 1140 1067 delectatum
1189 1038 1278 1066 esse
1310 1026 1484 1080 poetica.

72 1098 287 1153 Imprimis
319 1102 461 1139 autem
493 1098 544 1138 ab
577 1098 746 1148 Archia,
778 1102 900 1151 poeta
922 1099 1196 1149 Antiocheno,
1230 1099 1354 1139 cuius
1386 1110 1484 1139 con-

73 1172 298 1212 suetudine
329 1174 370 1211 et
401 1169 625 1222 disciplina.
656 1170 740 1209 iam
772 1182 882 1223 puer
913 1169 1071 1210 Romae
1108 1170 1322 1223 utebatur,
1343 1183 1485 1212 amore

0 1279 3 1289 ,
69 1243 211 1294 poesis
255 1242 433 1294 eiusque
463 1242 690 1295 praecipue
722 1241 905 1283 Graecae
952 1242 1142 1283 imbutus
1190 1246 1262 1294 est,
1303 1246 1351 1283 ut
1394 1244 1484 1297 ipse

70 1312 201 1354 semel
233 1316 360 1367 atque
392 1314 546 1354 iterum
579 1314 624 1354 in
658 1316 845 1356 oratione
885 1328 961 1369 pro
994 1327 1042 1356 eo
1074 1313 1217 1354 habita
1247 1314 1481 1369 profitetur.

71 1385 216 1439 Atque
257 1385 373 1426 illam
408 1390 542 1427 artem
575 1389 725 1441 quanti
757 1392 888 1429 totam
919 1400 995 1442 per
1031 1388 1162 1428 vitam
1200 1388 1486 1428 aestimaverit

70 1458 197 1518 multi
228 1458 309 1499 loci
341 1459 433 1501 eius
464 1458 671 1501 librorum
710 1461 820 1502 clare
853 1460 1098 1502 ostendunt:
1144 1460 1360 1500 interdum
1393 1461 1485 1514 qui-

73 1530 181 1585 dem,
213 1531 287 1572 ubi
318 1545 342 1572 a
373 1531 661 1587 philosophiae
684 1533 876 1587 partibus
908 1534 1147 1587 respicitur,
1168 1533 1376 1586 iniquius,
1398 1546 1485 1573 non

71 1617 334 1658 unoquoque
379 1605 472 1646 loco
519 1619 543 1646 a
590 1604 792 1647 Cicerone
834 1607 939 1660 ipso,
985 1605 1059 1646 sed
1100 1629 1156 1634 —
1198 1604 1242 1645 id
1275 1605 1391 1659 quod
1423 1608 1486 1646 est

72 1677 432 1719 considerandum
463 1702 519 1710 -—-
552 1679 720 1733 saepius
752 1679 804 1719 ab
838 1679 943 1732 aliis,
976 1679 1052 1733 qui
1084 1678 1241 1731 dialogi
1261 1678 1485 1732 participes

73 1753 183 1800 sunt,
217 1749 267 1790 de
300 1748 424 1790 Musa
454 1751 680 1792 iudicatur.
749 1750 832 1800 Qui
875 1764 1022 1792 omnes
1065 1751 1148 1792 loci
1190 1750 1411 1803 compositi
1444 1753 1485 1791 et

70 1822 183 1862 iuste
230 1823 451 1875 ponderati
498 1827 600 1864 sunt
646 1823 697 1864 ab
745 1823 869 1865 Edm.
902 1822 1062 1877 Langio
1110 1823 1154 1862 iu
1186 1822 1330 1864 libello
1365 1822 1485 1876 ,quid

72 1906 170 1935 cum
203 1893 254 1935 de
285 1895 458 1948 ingenio
492 1900 531 1937 et
562 1896 713 1937 litteris
744 1899 835 1936 tum
870 1895 921 1936 de
958 1895 1092 1949 poetis
1125 1893 1385 1936 Graecorum
1417 1894 1483 1936 Ci-

73 1978 169 2007 cero
200 1968 393 2009 senserit‘
416 1969 539 2020 (diss.
571 1970 717 2022 inaug.
739 1968 863 2009 Halis
885 1967 1042 2009 Saxon.
1069 1965 1213 2022 1880.)
1236 1980 1273 2021 p.
1297 1968 1482 2008 28—30.

73 2038 139 2079 Ac
173 2043 330 2093 quanto
364 2054 462 2082 cum
496 2042 635 2083 studio
668 2045 813 2095 poetas
845 2042 960 2095 ipsos
992 2040 1156 2094 legerit,
1187 2043 1361 2094 apparet
1383 2041 1484 2082 satis

72 2111 185 2164 inde,
218 2113 332 2166 quod
364 2115 624 2169 saepissime,
670 2115 879 2168 imprimis
926 2114 970 2153 in
1013 2112 1218 2166 epistulis,
1258 2126 1345 2154 non
1387 2127 1483 2155 raro

75 2196 130 2225 ex
171 2187 386 2239 memoria,
431 2199 486 2228 ex
531 2187 665 2241 poetis
713 2191 752 2227 et
797 2185 1003 2227 Romanis
1050 2188 1091 2226 et
1123 2184 1295 2227 Graecis
1333 2198 1483 2227 versus

73 2257 206 2300 affert.
266 2258 384 2300 Inter
414 2258 629 2301 Romanos
661 2260 849 2300 maxime
881 2258 1011 2309 Enni,
1043 2259 1156 2299 inter
1189 2257 1374 2299 Graecos
1404 2258 1483 2299 im-

71 2331 220 2385 primis
251 2330 430 2374 Homeri
463 2337 504 2374 et
534 2333 796 2387 tragicorum
828 2332 1002 2372 illorum
1039 2331 1173 2371 trium
1205 2330 1483 2372 admiratione

72 2406 221 2458 captus
253 2408 352 2446 erat.
415 2403 603 2459 Langius
643 2408 785 2446 autem
821 2405 948 2459 paulo
986 2404 1182 2458 iniquius
1221 2406 1483 2456 quantopere

74 2473 217 2518 Cicero
249 2478 295 2518 in
326 2481 546 2532 poetarum
592 2477 790 2532 operibus
822 2477 1039 2518 volutatus
1071 2477 1127 2518 sit
1158 2479 1344 2517 statuere
1376 2475 1481 2515 mihi

72 2547 258 2602 videtur,
296 2563 396 2591 cum
442 2551 612 2605 saepius
659 2551 697 2602 (l.
739 2563 773 2591 c.
808 2563 848 2604 p.
881 2549 950 2589 45.
977 2548 1088 2602 sqq.)
1121 2548 1232 2601 inde,
1280 2547 1394 2602 quod
1425 2560 1480 2589 ex

72 2619 294 2662 nonnullis
324 2623 458 2675 poetis
489 2635 625 2677 pauca
655 2626 822 2664 tantum
857 2622 988 2675 ponit,
1018 2620 1189 2675 colligit,
1221 2632 1292 2662 eos
1329 2620 1481 2661 leviter

1200 2700 1219 2733 1
