1813 2972
841 103 891 142 17

158 221 308 264 Aratio
355 219 540 262 carmine
586 220 669 259 orsi
718 219 914 273 sunius‘),
961 232 1046 274 quo
1099 223 1285 273 tempore
1339 224 1572 265 condiderit

158 292 378 348 significat.
469 289 591 339 Quod
637 296 778 333 autem
811 292 863 333 de
896 292 1005 345 legg.
1045 292 1071 332 l.
1109 305 1145 333 c.
1186 292 1238 332 ad
1273 291 1573 336 l'hacnonwna

158 368 335 418 tantum,
367 365 418 405 de
464 364 594 405 divin.
626 364 654 405 l.
688 376 722 404 c.
766 363 817 404 ad
860 363 1137 416 Prognostica
1178 367 1343 404 tantum
1382 367 1572 416 recurrit,

156 441 311 478 natura
342 450 487 479 rerum
528 438 639 478 inter
669 447 716 477 se
748 434 1016 476 diversarum
1050 449 1157 489 quas
1205 439 1355 476 tractat
1402 437 1571 478 duobus

156 509 260 550 locis
293 510 402 550 effici
441 512 554 564 puto.
626 506 780 560 Neque
819 507 944 547 ctiam
984 507 1244 558 incredibile,
1292 512 1340 549 ut
1386 512 1448 548 est
1497 510 1571 549 viri

157 582 392 623 doctissimi
426 580 648 628 sententia,
681 578 785 618 mihi
818 590 909 620 esse
941 580 1123 632 videtur,
1156 580 1401 621 Ciceronem
1435 593 1468 619 a.
1503 581 1570 620 44.

156 655 200 695 in
233 668 298 709 ep.
335 655 387 695 ad
419 654 501 694 Att.
523 651 625 692 XV.
663 651 730 692 16.
756 650 792 691 b.
826 651 967 692 verbis
1001 653 1210 706 ,equidem
1244 653 1367 693 etiam
1402 652 1572 705 pluvias

150 731 318 776 metuo,
359 727 394 767 si
426 725 704 778 Prognostica
746 729 888 765 nostra
928 738 1026 766 vera
1074 729 1184 766 sunt.
1264 724 1407 765 Ranae
1456 726 1570 765 enim

155 794 462 854 ῥητορεύουσιν(
497 795 761 849 significasse
808 810 957 850 poema
987 798 1032 838 in
1065 796 1352 838 adulescentia
1401 810 1570 850 compo-

143 871 298 912 eitum.
360 867 551 909 Dubium
583 869 695 909 enim
729 881 821 910 esse
854 883 938 910 non
971 874 1120 924 potest,
1165 871 1284 923 quin,
1333 873 1378 910 ut
1410 870 1570 910 Aratus

152 943 263 983 inter
294 940 488 993 Graecos,
531 943 587 982 ita
621 940 838 983 Ciceronis
870 944 1059 983 carmina
1103 943 1214 983 inter
1245 942 1462 983 Romanos
1509 942 1571 982 di-

153 1014 441 1067 volgatissima
481 1014 652 1064 fuerint,
701 1027 799 1055 cum
847 1015 1006 1056 inesset
1053 1017 1351 1068 argumentum
1398 1016 1571 1055 omnino

130 1087 356 1142 'populare
388 1091 429 1128 ct
461 1087 531 1127 ille
563 1087 728 1141 primus
759 1087 872 1128 inter
892 1085 1104 1127 Romanos
1127 1087 1402 1127 transtulerit.
1446 1086 1572 1128 Prae-

155 1165 271 1202 terea
303 1159 565 1201 monendum
601 1163 664 1200 est
694 1158 768 1198 illa
800 1158 931 1199 verba
963 1171 1048 1199 non
1081 1160 1126 1198 in
1159 1158 1266 1198 libro
1299 1160 1374 1199 toti
1412 1159 1571 1213 populo

151 1234 318 1286 scripto,
342 1233 415 1273 sed
447 1233 492 1272 in
525 1232 707 1286 epistula
739 1230 790 1270 ad
808 1231 1000 1271 Atticum
1027 1231 1407 1272 familiarissimum
1441 1233 1571 1273 missa

152 1317 256 1356 esse,
298 1306 356 1345 ita
403 1308 448 1345 ut
491 1317 578 1344 non
621 1316 727 1357 opus
769 1307 881 1345 esset
925 1304 1078 1345 diserte
1132 1317 1215 1358 quo
1248 1308 1436 1358 tempore
1468 1303 1572 1344 Pro-

153 1378 346 1432 gnostica
379 1380 469 1417 orta
500 1380 642 1417 essent
673 1376 848 1417 adicere.
914 1376 994 1417 Illa
1027 1376 1155 1418 verba
1187 1364 1326 1418 autem
1359 1379 1405 1417 in
1434 1389 1499 1431 ep.
1517 1376 1571 1417 ad

152 1452 240 1491 Att.
272 1449 326 1490 Π.
363 1450 397 1490 1.
434 1449 500 1489 11.
535 1462 571 1490 a.
607 1448 677 1491 60.
712 1450 867 1502 scripta
894 1448 1184 1504 ,Prognostica
1221 1462 1315 1490 mea
1349 1462 1445 1490 cum
1480 1462 1570 1489 ora-

151 1523 355 1564 tiunculis
391 1522 637 1577 propediem
666 1521 879 1575 exspecta‘
909 1534 994 1562 non
1024 1535 1197 1564 necesse
1230 1526 1291 1564 est
1323 1522 1376 1563 ad
1407 1535 1570 1563 novum

154 1595 299 1636 eodem
334 1595 405 1635 illo
437 1598 626 1649 tempore
661 1598 801 1635 ortum
833 1607 1005 1635 carmen
1037 1595 1289 1644 referantur,
1329 1594 1403 1635 sed
1450 1594 1570 1635 facile

152 1667 246 1708 fieri
276 1668 425 1721 potuit,
472 1671 519 1708 ut
557 1667 727 1708 Atticus
772 1665 840 1722 (cf.
879 1666 1099 1708 Fabricius
1137 1667 1164 1707 l.
1199 1679 1235 1707 c.
1273 1680 1313 1721 p.
1354 1667 1419 1706 14.
1457 1665 1569 1707 Dru-

154 1753 340 1781 mannus
372 1739 401 1781 1.
434 1752 470 1782 ο.
502 1753 541 1781 v,
565 1739 617 1782 V.
647 1753 686 1794 p.
723 1740 821 1783 222.
855 1740 951 1782 adn.
986 1737 1089 1794 36.),
1121 1752 1217 1780 cum
1252 1740 1394 1780 omnia
1427 1751 1568 1780 exem-

153 1813 286 1866 plaria
318 1811 697 1865 Prognosticorum
733 1811 1107 1853 Ciceronianorum
1142 1825 1253 1866 quae
1287 1811 1570 1866 suppetebant

153 1884 326 1926 vendita
359 1888 514 1934 essent,
550 1884 601 1925 ab
635 1885 782 1938 amico,
805 1889 853 1926 ut
884 1884 1000 1926 aliud
1032 1885 1219 1925 mitteret
1250 1887 1428 1938 rogaret,
1452 1884 1567 1938 quod

155 1971 179 1998 a
209 1957 395 1999 librariis
435 1956 812 2011 multiplicaretur:
848 1958 917 1998 cui
948 1958 1063 2011 preci
1101 1956 1247 1998 Cicero
1287 1970 1332 1998 se
1379 1957 1569 1998 satisfac-

153 2035 303 2073 turum
334 2043 426 2072 esse
456 2031 503 2070 in
533 2029 606 2070 illa
638 2030 819 2083 epistula
850 2030 1056 2083 promisit.

294 2102 423 2144 Nulla
466 2103 600 2157 igitur
645 2114 702 2143 ex
746 2114 792 2143 re
839 2101 1116 2156 Prognostica
1159 2102 1392 2156 posteriore
1432 2104 1568 2143 aetate

153 2176 389 2229 conscripta
435 2187 527 2216 esse
573 2174 684 2216 effici
729 2174 835 2215 mihi
865 2174 1049 2228 videtur,
1094 2178 1136 2215 at
1168 2178 1314 2216 contra
1345 2174 1567 2215 nonnullis

155 2248 206 2290 de
253 2250 393 2290 causis
439 2247 547 2288 illud
593 2260 766 2289 carmen
812 2251 860 2288 ut
904 2247 1207 2288 Phaenomena
1252 2247 1567 2288 adulescentiae

153 2320 474 2362 attribuendum
506 2332 598 2361 esse
629 2319 819 2362 arbitror.
882 2319 1102 2362 Posterius
1122 2321 1236 2362 enim
1264 2319 1410 2361 Cicero
1441 2320 1567 2360 intel-

153 2391 271 2443 lexit,
302 2393 486 2434 Aratum
516 2392 632 2433 haud
663 2393 723 2434 ita
753 2406 909 2447 magna
940 2393 1118 2434 scientia
1154 2394 1201 2433 in
1233 2392 1459 2446 astrologia
1490 2404 1566 2433 ex-

157 2465 306 2508 cellere
351 2478 491 2520 neque
537 2466 625 2507 ulla
668 2477 716 2506 re
761 2467 854 2507 eius
901 2466 1090 2506 carmina.
1135 2466 1222 2507 nisi
1271 2469 1360 2506 arte
1403 2465 1567 2520 poetica

155 2539 377 2592 praestare,
413 2538 465 2581 of.
503 2537 555 2579 de
593 2542 694 2580 orat.
735 2538 770 2579 Ι.
819 2537 888 2579 16.
924 2538 996 2589 19;
1042 2537 1093 2578 de
1123 2537 1288 2592 republ.
1321 2538 1357 2580 Ι.
1393 2537 1460 2580 14.
1494 2539 1561 2579 22.

157 2607 274 2658 Quae
294 2610 452 2653 iudicia
483 2611 650 2653 etiamsi
682 2597 854 2652 demum
886 2621 925 2652 a:
955 2610 1021 2652 55.
1055 2614 1096 2652 et
1121 2624 1158 2652 a..
1184 2611 1250 2651 54.
1281 2610 1392 2664 fecit,
1423 2615 1565 2652 tamen

1284 2688 1306 2724 2
