1813 2972
923 142 979 182 40

243 260 426 301 eundem
458 273 553 302 esse
583 273 835 316 persuasum
868 258 993 299 habet
1023 260 1153 312 atque
1182 257 1291 298 illud
1323 270 1510 308 carmen3
1543 257 1654 298 veri-

243 333 380 374 simile
424 337 564 374 autem
612 334 704 374 viro
752 333 874 374 docto
909 343 1002 373 esse
1045 329 1228 382 videtur,
1275 343 1445 370 carmen
1477 330 1652 370 omnino

241 418 328 446 non
360 419 384 446 a
416 405 617 447 Cicerone
651 407 755 459 ipso,
787 405 860 446 sed
891 408 985 458 post
1017 403 1109 444 eius
1141 405 1319 443 mortem
1355 401 1514 456 publici
1545 402 1653 443 iuris

240 477 402 519 factum
428 491 533 537 esse,
565 491 660 519 cum
683 478 768 518 huc
794 479 963 518 revocet
989 475 1106 517 Cassi
1129 473 1280 515 Dionis
1306 474 1436 515 verba
1463 475 1548 528 (39.
1569 473 1652 527 10.)

242 549 426 605 ,βιβλίον
455 548 601 604 μέντοι
650 566 694 592 τι
742 544 991 606 ἀπόρρητον
1038 550 1247 605 συνέθηκε
1293 545 1368 589 καὶ
1407 545 1655 603 ἐπέγραψεν

241 617 359 679 αἶ’τῴ
393 618 450 673 ὥς
497 622 572 665 καὶ
618 621 737 679 περὶ
784 623 883 663 τῶν
930 618 1112 662 ἑαυτοῦ
1142 616 1510 674 βουλευμάτων
1540 614 1652 661 ἄπο-

241 693 449 750 λογισμὸν
480 712 578 737 τινα
610 693 763 747 ἔχοντι.
826 690 978 736 Πολλὰ
1026 693 1072 736 δὲ
1119 689 1169 750 δὴ
1205 691 1280 734 καὶ
1325 687 1444 733 δεινὰ
1477 689 1519 741 ἐς
1550 685 1654 733 αὐτὸ

243 766 318 809 καὶ
366 767 467 823 περὶ
515 765 690 810 ἐκείνων
737 767 809 822 (sc.
844 766 895 806 de
929 765 1108 807 Caesare
1140 769 1181 806 et
1214 764 1383 820 Crasso)
1431 762 1505 806 καὶ
1551 761 1653 819 περὶ

242 834 383 881 ἄλλων
399 842 530 881 τινῶν
546 842 742 896 arverno&
758 836 832 880 καὶ
851 834 926 879 διὰ
942 839 1065 880 τοῦτο
1082 834 1310 895 φοβηθείς,
1326 834 1386 894 μὴ
1402 835 1475 879 καὶ
1497 837 1656 889 ζῶντος

241 907 369 953 αἰτοῦ
414 910 663 969 ἕκιγοιτὲσῃῖ
711 907 1038 968 κατεσημήνατο
1082 925 1127 951 τε
1157 905 1260 951 αὐτὸ
1305 908 1380 952 καὶ
1427 909 1684 965 παρέδωκε·

241 985 303 1039 τῷ
335 983 468 1026 παιδὶ
501 982 752 1040 προστάξας
783 981 821 1025 οἱ
855 980 958 1040 μήτ’
992 977 1208 1037 ἇναγῶναι
1243 979 1350 1040 μήτε
1372 981 1655 1039 δημοσιεῦσαι

241 1053 295 1097 τὰ
327 1060 605 1111 γεγραμμένα,
639 1056 745 1113 πρὶν
776 1052 829 1098 ἂν
858 1054 1128 1112 1ιιεταλλάξῃ.<
1190 1055 1272 1096 Sed
1309 1054 1532 1108 Suringari
1563 1067 1658 1095 sen-

240 1131 373 1170 tentia
406 1142 491 1170 non
524 1130 758 1184 probabilis
791 1133 855 1171 est
887 1129 950 1181 (cf.
985 1128 1134 1169 Baehr.
1167 1126 1363 1168 Heidelb.
1397 1126 1543 1167 Jahrb.
1583 1127 1657 1167 der

240 1201 424 1244 Litterat.
466 1204 592 1244 1847.
639 1216 676 1257 p.
727 1204 823 1243 353.
863 1201 989 1256 sqq.).
1039 1201 1313 1242 Anecdotum
1366 1200 1480 1240 enim
1531 1199 1655 1240 illum

240 1275 397 1316 librum
431 1276 502 1328 (cf.
538 1276 590 1316 ad
623 1278 711 1317 Att.
745 1275 801 1318 II.
837 1276 872 1315 6.
907 1275 964 1329 2.)
999 1274 1141 1316 Cicero
1175 1273 1469 1327 ,Theopompio
1501 1284 1656 1326 genere

242 1352 316 1389 aut
348 1349 473 1389 etiam
508 1349 719 1402 asperiore
753 1348 902 1389 niulto‘
937 1348 1186 1402 composuit,
1217 1347 1263 1386 in
1295 1347 1482 1386 carmine
1515 1348 1656 1386 autem

243 1420 295 1461 de
327 1420 589 1474 temporibus
624 1421 792 1462 condito
826 1420 1086 1461 moderatius
1119 1420 1371 1474 etparcius,
1404 1422 1450 1458 ut
1482 1418 1654 1469 scimus,

245 1493 295 1533 de
328 1494 515 1534 inimicis
548 1494 646 1547 egit.
709 1493 933 1535 Praeterea
981 1505 1151 1534 carmen
1196 1493 1281 1532 iam
1329 1505 1364 1532 a.
1402 1491 1467 1531 54.
1500 1490 1569 1545 (cf.
1604 1491 1657 1531 ad

242 1566 340 1606 fam.
389 1566 423 1606 Ι.
459 1567 497 1606 9.
532 1565 620 1621 23.)
670 1566 912 1607 confectum
956 1571 1055 1619 erat7
1100 1566 1159 1605 ita
1208 1569 1254 1606 ut
1300 1566 1437 1618 primo
1485 1576 1656 1618 quoque

243 1643 432 1693 tempore
465 1639 516 1679 ad
545 1638 775 1680 Lentulum
809 1641 916 1680 mitti
949 1642 1091 1693 posset
1123 1640 1163 1676 et
1195 1649 1218 1676 a
1251 1636 1439 1690 Caesare,
1472 1640 1519 1677 ut
1539 1636 1658 1677 vide-

242 1715 326 1763 tur,
357 1711 505 1752 eodem
537 1712 608 1752 illo
643 1725 756 1753 anno
801 1712 1024 1766 legeretur,
1074 1710 1306 1752 anecdotus
1357 1715 1499 1750 autem
1548 1709 1657 1750 liber

243 1797 281 1824 a.
314 1785 383 1824 44.
416 1784 483 1835 (cf.
518 1784 570 1824 ad
603 1785 690 1825 Att.
725 1783 844 1825 XIV.
882 1786 947 1825 17.
974 1783 1031 1839 6.)
1066 1784 1258 1825 nondum
1291 1782 1523 1837 perpolitus
1555 1785 1654 1822 erat.

242 1859 387 1910 Atque
421 1858 546 1898 etiam
580 1859 655 1897 vix
687 1856 859 1898 Cassius
892 1856 973 1897 Dio
1006 1858 1034 1898 1.
1067 1871 1100 1898 c.
1135 1869 1307 1897 carmen
1346 1855 1461 1910 quod
1499 1854 1550 1895 de
1583 1867 1656 1895 ex·

243 1930 338 1971 silio
372 1930 599 1983 redituque
633 1930 784 1984 agebat
817 1931 1027 1985 appellare
1059 1929 1195 1983 potuit
1226 1927 1387 1968 librum
1418 1925 1535 1982 ,περὶ
1569 1927 1656 1968 τῶν

243 1998 393 2044 ἑαυτοῦ
423 2001 751 2056 ,ι’ῦὌι-λειχιιάτωνέ
814 2003 897 2044 Hic
931 2003 1038 2044 liber
1069 2003 1200 2056 igitur
1232 2005 1272 2041 et
1308 1997 1391 2041 ille‘
1413 2000 1655 2053 anecdotus,

244 2076 319 2128 qui
351 2088 473 2129 prosa
513 2077 701 2116 oratione
740 2077 967 2130 conscripti
1015 2076 1129 2116 idem
1161 2086 1254 2114 esse
1301 2076 1351 2125 et,
1398 2074 1433 2114 si
1481 2074 1654 2114 omnino

245 2147 447 2201 divolgati
478 2153 591 2194 sunt,
622 2162 709 2189 non
737 2150 834 2189 vivo
859 2147 1060 2188 Cicerone
1083 2147 1285 2200 divolgati
1317 2159 1409 2187 esse
1441 2145 1653 2197 videntur,

244 2220 296 2261 ab
328 2221 400 2261 illo
433 2222 618 2262 carmine
645 2225 922 2262 secernantur
953 2233 1125 2262 necesse
1158 2223 1230 2260 est.
1362 2210 1367 2215 ’

386 2293 449 2335 De
481 2294 755 2348 dispositione
801 2298 841 2335 et
888 2294 1171 2347 explicatione
1217 2305 1362 2333 rerum
1393 2292 1437 2331 in
1468 2291 1656 2330 carmine

245 2367 295 2407 de
326 2366 589 2420 temporibus
622 2368 748 2407 etiam
780 2367 922 2407 minus
956 2380 1084 2420 quani
1117 2366 1168 2405 cle
1201 2363 1426 2405 consulatu
1459 2363 1655 2416 cognosci

243 2443 392 2493 potest..
470 2439 553 2480 Hic
608 2452 778 2493 quoque
824 2439 986 2480 Urania
1032 2439 1206 2479 inducta
1259 2449 1351 2478 esse
1401 2435 1568 2476 videtur
1616 2438 1657 2476 et

244 2511 443 2566 Juppiter
465 2513 696 2553 orationem
718 2512 881 2564 habuit,
913 2512 948 2553 si
972 2511 1142 2566 quidem
1171 2513 1284 2551 recte
1306 2509 1358 2550 ad
1384 2509 1462 2548 hoc
1484 2519 1658 2548 carmen

243 2585 467 2626 referimus
514 2585 565 2625 ad
599 2584 643 2633 Q.
680 2585 730 2625 fr.
771 2584 828 2628 II.
869 2586 904 2625 9.
953 2586 989 2627 1.
1039 2583 1095 2639 (a.
1132 2582 1219 2636 55.)
1264 2582 1533 2636 ,placiturum
1579 2579 1658 2620 tibi

244 2669 337 2698 esse
368 2657 526 2698 librum
560 2671 701 2699 meum
732 2656 997 2711 suspicabar:
1031 2661 1116 2697 tam
1139 2655 1262 2696 valde
1293 2655 1504 2708 placuisse
1527 2665 1656 2707 quam

1787 788 1795 799 -
1780 664 1798 779 „unu-⁶-
1779 639 1797 655 ι’
1779 571 1795 629 -.ῖι
1765 167 1796 562 κηρ»ᾎάῴκ““’
1764 111 1783 121 ⁴·
