1813 2972
849 107 901 148 19

311 223 405 274 Quo
438 223 561 264 modo
594 224 788 277 singulae
820 236 888 265 res
926 224 1037 265 inter
1078 235 1123 264 se
1161 223 1387 277 dispositae
1432 231 1472 266 ct
1505 238 1578 267 ex-

169 297 346 351 plicatae
377 295 546 349 fuerint,
579 299 723 337 utrum
758 300 845 337 tota
876 296 984 336 Mari
1016 297 1101 336 vita
1140 299 1314 336 tractata
1354 297 1479 337 fuerit
1522 311 1576 338 an

169 371 282 409 certa
314 367 521 422 quaedam
545 382 654 423 pars,
686 369 814 410 statui
837 380 921 408 non
948 370 1096 421 potest.
1160 367 1210 407 Id
1243 380 1379 408 unum
1405 369 1577 420 scimus,

168 441 313 494 fugam
348 454 517 495 quoque
563 441 679 482 illam
717 439 941 481 mirificam
974 452 1010 480 a.
1059 439 1128 479 88.
1175 438 1331 479 factam
1385 453 1408 480 a
1454 447 1575 493 pocta

169 517 405 554 enarratam
452 514 603 554 fuisse:
651 525 705 553 ex
742 512 806 552 13.
856 511 940 552 illis
988 510 1196 562 versibus,
1239 510 1396 564 quide
1429 510 1513 551 div.
1546 510 1576 550 I.

169 586 238 625 47.
279 585 375 627 106.
419 589 600 638 exstant,
646 588 830 638 apparot,
886 583 1019 624 Mario
1062 584 1227 638 Arpini,
1284 595 1366 637 quo
1409 582 1578 636 fugiens

169 663 354 708 venerat,
399 659 625 712 augurium
670 657 825 697 factum
876 668 978 708 esso,
1019 656 1135 710 quod
1166 655 1351 696 reditum
1381 655 1578 696 futurum

168 734 210 772 et
240 743 394 772 novam
425 730 602 784 gloriam
635 728 912 783 significabat.
977 728 1140 770 Versus
1175 741 1346 782 quoquc
1385 728 1436 769 de
1468 728 1575 782 legg.

169 801 203 844 Ι.
238 803 273 843 1.
298 803 336 842 2.
370 804 534 856 positus
567 804 731 855 ,nuntia
765 802 881 842 tulva
905 802 1032 852 Iovis,
1065 801 1260 842 miranda
1283 801 1373 841 visa
1404 799 1576 854 figura‘,

144 878 216 915 out
246 877 382 914 totum
414 874 520 915 illud
555 876 831 929 prooemium,
864 875 915 915 ad
948 875 1058 916 hanc
1080 875 1286 928 poematis
1323 877 1480 928 partem
1513 885 1577 914 re-

167 946 384 987 vocandus
430 951 505 989 est.
580 947 804 990 Praeterea
857 951 970 989 recte
1014 947 1207 988 Olivetus
1252 947 1355 988 huic
1399 946 1578 986 carmini

167 1018 410 1060 attribuisse
443 1020 611 1061 videtur
633 1033 802 1061 versum
831 1019 882 1061 ab
915 1020 1078 1061 Isidoro
1103 1019 1265 1074 (Origg.
1291 1014 1417 1058 XIX.
1445 1019 1482 1060 1.
1508 1018 1574 1060 20.

166 1104 205 1145 p.
260 1092 355 1133 583.
392 1091 518 1144 Otto.)
565 1105 587 1134 e
636 1092 837 1134 Cicerone
882 1092 1060 1133 allatum
1105 1096 1221 1142 ,tunc
1266 1104 1310 1132 se
1355 1090 1577 1145 fluctigero

167 1163 295 1204 tradit
336 1165 594 1219 mandatque
637 1165 815 1219 paroni‘,
848 1177 956 1218 quae
999 1164 1129 1206 verba
1171 1165 1265 1218 ipsa
1310 1176 1481 1217 quoque
1525 1163 1577 1204 ad

167 1235 273 1276 Mari
306 1236 449 1291 fugam
482 1240 682 1291 spectant.
747 1236 839 1286 Quo
877 1238 970 1278 iure
1012 1240 1149 1278 autem
1195 1235 1418 1278 Heusdius
1468 1236 1509 1286 (1.
1542 1249 1576 1277 c.

165 1321 206 1362 p.
239 1307 325 1364 46.)
359 1321 412 1350 ex
444 1310 563 1350 initio
594 1310 800 1351 librorum
850 1310 901 1352 de
932 1309 1100 1364 legibus
1143 1309 1379 1360 concludat,
1410 1312 1578 1362 poetam

165 1381 238 1422 illo
271 1383 458 1423 carmine
489 1383 697 1437 imprimis
728 1383 770 1424 id
803 1383 1031 1436 studuisse,
1063 1387 1110 1424 ut
1141 1383 1366 1436 Arpinum,
1397 1380 1507 1421 Mari
1538 1384 1578 1422 et

165 1466 286 1495 suam
317 1455 453 1508 ipsius
485 1457 677 1510 patriam,
709 1456 951 1508 illustraret,
983 1455 1219 1510 intelligere
1252 1467 1319 1496 me
1341 1467 1429 1495 non
1450 1465 1574 1508 posse

165 1526 380 1568 confiteor.
443 1528 526 1570 Vel
557 1529 707 1570 titulus
741 1527 930 1581 ‚Marius‘
970 1528 1072 1568 satis
1116 1527 1312 1580 ostendit,
1350 1527 1577 1580 praecipue

167 1599 218 1640 de
250 1600 329 1641 hoc
361 1601 451 1642 viro
485 1600 731 1642 Ciceronem
765 1601 912 1654 egisse.

309 1672 496 1715 Maxime
543 1678 683 1715 autem
730 1686 813 1727 quo
858 1677 1046 1727 tempore
1084 1670 1248 1712 Marius
1295 1671 1480 1725 scriptus
1524 1671 1578 1711 sit

167 1746 249 1786 viri
297 1746 410 1788 docti
457 1747 568 1793 inter
613 1760 658 1788 se
706 1746 974 1788 dissentiunt.
1039 1745 1103 1785 Ac
1147 1745 1336 1798 primum
1384 1746 1577 1784 constare

166 1818 271 1859 mihi
303 1820 488 1872 videtur,
529 1832 698 1860 carmen
732 1822 871 1860 ortum
905 1830 1010 1870 esse,
1041 1820 1268 1871 postquam
1299 1815 1463 1856 Marius
1495 1814 1577 1857 Ro-

167 1904 279 1932 mam
319 1893 368 1945 (a.
402 1893 491 1946 87.)
524 1894 708 1944 revertit,
742 1891 791 1934 ci.
837 1892 887 1932 de
932 1891 1017 1935 div,
1056 1889 1086 1930 I.
1121 1889 1208 1941 42,
1240 1888 1316 1929 ubi
1349 1887 1396 1937 Q.
1431 1887 1576 1929 Cicero

165 1967 330 2018 praeter
370 1964 452 2006 alia
498 1967 760 2018 testimonia,
809 1977 918 2019 quae
967 1964 1144 2004 doceant
1190 1962 1372 2015 auguria
1407 1961 1494 2002 vim
1539 1964 1580 2002 et

166 2040 367 2078 eventum
399 2036 566 2088 habere,
601 2050 657 2079 ex
685 2037 819 2079 Mario
857 2037 1000 2078 fratris
1035 2035 1100 2075 13.
1132 2034 1229 2075 illos
1260 2046 1412 2076 versus
1445 2033 1576 2086 affert,

168 2122 351 2163 quorum
383 2110 524 2151 ultimi
557 2114 657 2151 sunt
689 2111 728 2163 (ξ
765 2110 859 2151 106.
893 2123 934 2150 v,
970 2110 1008 2150 9.
1042 2106 1171 2162 sqq.):

379 2183 502 2234 ,hanc
533 2182 607 2223 ubi
638 2182 912 2237 praepetibus
943 2182 1089 2236 pinnis
1119 2181 1330 2235 lapsuque
1362 2179 1576 2221 volantem

379 2257 600 2310 conspexit
629 2253 804 2308 Marius,
842 2255 976 2295 divini
1006 2254 1198 2295 numinis
1233 2265 1384 2307 augur,

377 2329 600 2382 faustaque
648 2329 770 2382 signa
802 2340 906 2369 suae
949 2327 1088 2368 laudis
1120 2326 1372 2379 reditusque
1403 2326 1576 2379 notavit,

375 2401 567 2456 partibus
599 2402 785 2442 intonuit
817 2401 920 2442 caeli
951 2402 1071 2454 pater
1102 2399 1191 2454 ipse
1224 2399 1418 2440 sinistris.

377 2473 447 2516 Sic
486 2474 653 2527 aquilae
686 2474 847 2514 clarum
879 2472 1066 2514 firmavit
1094 2471 1122 2512 J
1126 2472 1293 2526 uppiter
1323 2473 1471 2512 omem

166 2545 224 2585 At
244 2543 442 2587 Halmius
465 2546 683 2600 (Heidelb.
705 2545 851 2588 Jahrb.
876 2546 949 2586 der
970 2545 1115 2586 Litter.
1138 2544 1262 2584 1843.
1285 2557 1322 2598 p.
1341 2545 1439 2585 443.
1465 2545 1574 2598 sqq.)

166 2629 221 2658 ex
251 2618 317 2660 his
346 2619 449 2673 ipsis
481 2619 676 2661 versibus
710 2619 968 2660 contrarium
1004 2617 1238 2672 concludit,
1271 2629 1442 2658 carmen
1476 2629 1575 2657 con-

1293 2692 1336 2729 2*
