1813 2972
893 101 948 141 48

213 214 386 255 collecta
437 219 575 258 erant:
629 217 747 257 velut
800 216 841 258 C.
887 217 1149 259 Trebonium
1196 223 1237 260 et
1280 219 1477 263 Tironem
1518 224 1624 265 tales

210 287 342 329 libros
375 290 665 342 composuisse
698 293 844 330 notum
878 294 950 331 est.
982 314 1040 320 —

353 359 624 403 Obscoenum
659 363 874 416 quoddam
905 364 951 403 in
981 363 1180 405 Tironem
1218 366 1478 419 epigramma
1509 367 1624 409 Cice-

210 445 358 474 ronem
391 434 632 475 condidisse
664 434 831 477 Plinius
879 449 942 490 ep.
997 436 1089 477 VII.
1124 438 1163 477 4.
1199 438 1238 479 3.
1271 438 1399 480 tradit
1445 441 1623 495 eiusque

210 511 513 559 argumentum
563 508 713 549 leviter
763 508 990 562 significat:
1046 510 1304 564 deprompsit
1366 515 1509 553 autem
1569 526 1624 554 ex

210 576 253 621 C.
287 579 414 619 Asini
446 579 555 620 Galli
586 579 694 620 libro
728 580 790 631 ,de
822 583 1135 635 comparatione
1166 583 1296 637 patris
1319 586 1361 624 et
1383 582 1621 626 Ciceronis*

209 650 350 705 Ipsius
382 652 514 692 verba
546 655 666 693 sunt:
708 652 974 705 ‚legebantur
1018 655 1062 695 in
1094 654 1356 697 Laurentino
1388 657 1494 697 mihi
1525 657 1624 699 libri

208 725 335 765 Asini
369 723 479 766 Galli
512 724 562 765 de
595 726 909 778 comparatione
945 728 1076 779 patris
1108 733 1148 768 et
1171 728 1402 770 Ciceronis.
1465 728 1624 770 Incidit

209 799 469 851 epigramma
503 796 721 838 Ciceronis
751 798 796 838 in
828 797 1022 839 Tironem
1057 812 1194 841 suum.
1255 800 1368 842 Dein
1402 815 1501 842 cum
1535 815 1621 843 me-

207 871 312 911 ridie
344 870 450 924 (erat
483 871 595 911 enim
642 869 794 924 aestas)
843 870 1105 913 dormiturus
1150 885 1217 914 me
1259 875 1512 928 recepissem
1544 888 1622 916 nec

209 942 428 996 obreperet
459 955 647 995 somnus,
680 943 799 996 coepi
829 946 1024 996 reputare
1067 946 1280 987 maximos
1326 950 1512 988 oratores
1544 947 1623 988 hoc
1672 940 1676 943 Δ

209 1016 339 1056 studii
381 1028 519 1070 genus
552 1018 593 1056 et
622 1015 668 1055 in
701 1014 1054 1059 oblectationibus
1086 1017 1286 1059 habuisse
1334 1022 1374 1060 et
1419 1020 1465 1060 in
1495 1020 1623 1061 laude

207 1089 413 1142 posuisse.
476 1087 648 1128 Intendi
680 1089 874 1129 animum
911 1092 1144 1143 contraque
1193 1092 1437 1145 opinionem
1483 1104 1621 1133 meam

208 1165 301 1215 post
351 1161 522 1214 longam
576 1161 900 1202 desuetudinem
951 1175 1157 1216 perquam
1209 1164 1367 1218 exiguo
1419 1165 1621 1218 temporis

207 1238 423 1275 momento
454 1234 497 1275 id
519 1234 677 1288 ipsum,
710 1233 825 1288 quod
846 1247 914 1276 me
937 1234 990 1275 ad
1012 1235 1284 1277 scribendum
1310 1237 1621 1290 sollicitaverat,

207 1307 272 1348 his
305 1307 499 1348 versibus
532 1308 726 1347 exaravi:
1047 1357 1051 1360 .

267 1393 373 1433 ,cum
406 1379 538 1420 libros
573 1378 682 1420 Galli
714 1379 911 1434 legerem,
947 1380 1103 1434 quibus
1134 1381 1206 1422 ille
1237 1383 1401 1436 parenti

265 1465 397 1494 ausus
431 1453 481 1494 de
514 1451 715 1493 Cicerone
748 1452 846 1493 dare
879 1456 943 1494 est
972 1454 1242 1508 palmamque
1274 1455 1501 1510 decusque,

263 1527 474 1567 lascivum
505 1526 653 1566 inveni
684 1525 831 1566 lusum
865 1524 1080 1567 Ciceronis
1113 1530 1154 1568 et
1183 1527 1256 1568 illo

265 1598 545 1653 spectandum
575 1599 762 1652 ingenio,
797 1611 880 1652 quo
913 1600 1023 1640 seria
1055 1599 1245 1641 condidit
1277 1603 1318 1641 et
1350 1614 1433 1655 quo

264 1672 465 1712 humanis
498 1671 660 1713 salibus
692 1672 826 1712 multo
859 1673 1063 1726 varioque
1095 1673 1238 1726 lepore

265 1757 518 1798 magnorum
552 1744 736 1785 ostendit
769 1748 933 1786 mentes
964 1745 1153 1799 gaudere
1184 1746 1387 1788 virorum.

263 1816 372 1858 Nam
407 1818 612 1871 queritur,
646 1817 760 1871 quod
789 1817 940 1859 fraude
984 1818 1093 1859 mala
1129 1820 1358 1860 trustratus
1404 1822 1618 1861 amantem

263 1890 447 1945 paucula
480 1893 628 1931 cenato
662 1889 745 1931 sibi
778 1891 918 1932 dedita
951 1892 1069 1933 savia
1095 1890 1191 1932 Tiro

262 1968 450 2018 tempore
482 1967 692 2004 nocturno
726 1963 998 2007 subtraxerit.
1060 1963 1142 2006 His
1175 1977 1250 2018 ego
1282 1964 1402 2005 lectis

264 2051 353 2090 ,cur
383 2040 478 2090 post
508 2036 624 2089 haec,
656 2037 849 2090 inquam,
880 2039 1049 2078 nostros
1081 2038 1264 2078 celamus
1297 2049 1462 2078 amores

262 2110 521 2163 nullumque
552 2110 597 2149 in
630 2109 822 2150 medium
855 2109 993 2150 timidi
1025 2109 1179 2151 damus
1210 2112 1336 2164 atque
1368 2109 1552 2152 fatemur

260 2184 512 2237 Tironisque
545 2182 676 2234 dolos,
706 2182 871 2223 Tironis
902 2194 1029 2223 nosse
1059 2182 1234 2237 fugaces

262 2256 489 2297 blanditias
522 2259 563 2296 et
594 2255 707 2300 furta
738 2267 873 2296 novas
904 2254 1102 2296 addentia
1135 2255 1372 2297 flammas?<

344 2329 538 2370 Fortasse
589 2328 669 2368 hoc
717 2332 758 2369 et
804 2328 886 2369 alia
931 2329 1122 2370 carmina
1173 2330 1330 2370 erotica
1385 2326 1614 2380 Ciceronis,

205 2415 386 2456 quorum
418 2400 526 2441 nihil
558 2403 708 2453 exstat,
739 2401 852 2443 idem
888 2400 1056 2442 Plinius
1087 2402 1132 2441 in
1165 2402 1306 2442 animo
1338 2399 1476 2453 habet,
1513 2412 1615 2441 cum

204 2475 254 2516 de
286 2473 510 2515 versiculis
542 2486 695 2528 parum
728 2475 886 2515 severis
919 2474 1020 2515 dicit
1041 2474 1119 2528 (ep.
1153 2473 1200 2518 V.
1235 2477 1271 2514 3.
1306 2471 1381 2526 5.):
1417 2472 1505 2526 ,sed
1536 2476 1632 2526 egov

202 2559 362 2600 verear,
393 2559 447 2588 ne
478 2559 546 2587 me
568 2559 656 2588 non
688 2547 789 2588 satis
823 2547 978 2601 deceat,
1010 2546 1124 2600 quod
1156 2545 1299 2586 decuit
1323 2543 1382 2590 M.
1413 2545 1614 2599 Tullium,

203 2617 767 2663 O.Ca1vum.........;‘
