1813 2972
896 134 947 174 51

220 252 368 290 contra
401 247 643 291 Ciceronem
690 263 926 305 numquam
960 253 1095 292 totum
1128 249 1379 300 Homerum,
1426 253 1498 293 sed
1546 254 1631 294 sin-

217 321 341 376 gulos
388 323 551 363 tantum
599 323 712 364 locos
745 324 1015 373 convertisse,
1065 335 1265 377 apparere
1314 324 1414 363 mihi
1463 324 1632 366 videtur

218 406 273 436 ex
305 393 447 435 verbis
469 408 504 436 a.
539 396 612 437 45.
646 396 813 449 scriptis
845 395 913 450 (de
932 394 1018 439 ,fin.
1043 394 1094 435 V,
1129 395 1197 436 18.
1232 395 1322 446 49.)
1357 408 1466 447 ,nam
1500 398 1630 437 verti

217 470 272 508 ut
304 468 550 521 quaedam
582 467 795 508 Homeri
826 468 886 508 sic
919 499 928 507 .
961 499 968 507 .
1002 467 1027 508 ἐ

357 539 535 594 Saepius
559 540 712 581 diserte
735 543 808 580 aut
824 538 1039 581 Ciceronis
1063 540 1198 594 ipsius
1222 544 1297 581 ant
1319 540 1497 581 aliorum
1514 542 1631 582 testi-

215 613 358 654 monio
376 612 620 664 affirmatur,
637 624 787 654 versus
806 614 879 667 qui
898 616 1127 654 occurrunt
1145 612 1198 654 ab
1216 625 1264 653 eo
1281 612 1508 654 translatos
1526 625 1630 664 esse,

216 685 266 726 cf.
294 686 345 727 de
372 685 456 726 div.
479 683 534 726 II.
559 684 626 726 30.
653 684 727 737 633
762 685 812 726 de
836 686 910 727 fin.
945 686 991 728 V.
1020 686 1086 729 18.
1112 687 1187 737 493
1221 685 1342 727 Tusc.
1372 685 1448 726 111.
1484 687 1518 726 9.
1556 687 1629 737 183

215 759 446 812 Augustin.
473 756 525 798 de
548 757 627 798 civ.
653 757 719 798 dei
744 758 794 800 V.
827 758 866 801 8.
891 759 962 812 (de
983 760 1086 800 locis
1102 757 1385 812 Homericis);
1417 758 1468 799 de
1484 758 1627 800 fin.11.

215 831 283 870 32.
313 830 409 883 [05;
432 828 553 870 Tusc.
578 829 655 871 III.
683 832 748 872 14.
778 832 852 883 293
879 832 930 872 de
953 831 1019 874 off.
1037 831 1116 873 III.
1137 832 1203 872 29.
1226 831 1319 872 108.
1344 830 1414 886 (de
1431 831 1630 872 versibus

212 901 486 958 Euripideis).
519 902 582 944 De
605 905 755 945 ceteris
772 904 877 945 locis
894 908 1055 946 certum
1074 904 1365 945 testimonium
1383 904 1521 946 afferri
1543 917 1629 945 non

210 977 359 1030 potest.
424 974 618 1024 Quorum
652 990 913 1031 quamquam
944 978 1120 1032 plurimi
1147 976 1198 1018 ab
1231 989 1279 1018 eo
1311 978 1403 1031 ipso
1436 978 1631 1019 conversi

210 1049 388 1102 putandi
435 1053 547 1102 sunt,
593 1055 734 1091 tamen
783 1050 991 1104 quaedam
1037 1050 1175 1091 cautio
1223 1050 1302 1090 hac
1333 1051 1378 1090 in
1421 1063 1466 1092 re
1513 1050 1631 1091 adhi-

211 1121 351 1163 benda
373 1127 447 1164 est.
514 1122 715 1177 Exempli
738 1136 869 1164 causa
899 1122 962 1163 illi
996 1126 1197 1176 quattuor
1218 1135 1381 1175 versus,
1414 1124 1487 1177 qui
1508 1123 1630 1165 Tusc.

209 1193 267 1237 ΙΙ.
294 1195 357 1235 10.
382 1195 437 1235 23
459 1207 514 1236 ex
534 1194 741 1247 Aeschyli
763 1188 1015 1236 Prometheo
1044 1195 1182 1236 soluto
1216 1195 1454 1236 afferuntur
1486 1195 1630 1251 (,unde

207 1268 324 1321 'ignis
371 1267 485 1309 cluet
517 1300 524 1308 .
559 1299 568 1308 .
602 1300 613 1310 .
646 1267 700 1322 f),
745 1281 831 1309 non
876 1267 929 1308 ad
962 1266 1211 1309 Ciceronem
1257 1267 1468 1309 referendi
1516 1274 1632 1321 sunt,

210 1339 284 1381 sed
329 1339 381 1380 ad
414 1341 607 1394 Accium,
651 1354 675 1381 a
708 1353 793 1394 quo
841 1341 1036 1382 conversi
1067 1341 1114 1382 in
1155 1340 1432 1382 Philoctetam
1471 1343 1631 1396 recepti

210 1416 346 1454 erant:
394 1426 501 1467 quos
546 1412 692 1454 Cicero
736 1414 854 1454 nullo
894 1413 1023 1454 verbo
1069 1413 1282 1468 significat
1329 1426 1384 1455 ex
1414 1415 1547 1456 Accio
1585 1428 1629 1456 se

210 1487 444 1540 sumpsisse
476 1486 654 1541 (quippe
677 1499 774 1528 cum
810 1499 977 1541 sperare
1010 1487 1049 1527 ei
1082 1486 1226 1527 liceret
1248 1487 1448 1528 omnibus
1480 1493 1630 1529 notum

209 1557 405 1600 futurum
450 1571 563 1610 esse,
611 1560 737 1600 cuius
782 1559 959 1614 essent),
1014 1560 1088 1601 sed
1132 1559 1279 1600 eodem
1327 1560 1452 1601 modo
1499 1562 1630 1615 ponit,

210 1644 295 1685 quo
355 1631 667 1686 subsequentes
728 1645 784 1674 ex
835 1633 981 1674 eadem
1033 1632 1106 1672 illa
1158 1633 1363 1685 Aeschyli
1414 1633 1631 1687 tragoedia

208 1717 359 1747 versus
391 1704 540 1746 Latine
572 1718 820 1760 expressos:
868 1706 899 1745 ii
932 1709 1071 1746 autem
1107 1705 1159 1746 ad
1205 1718 1302 1746 eum
1335 1707 1476 1760 ipsum
1507 1719 1629 1748 revo-

209 1778 335 1818 candi
366 1791 459 1820 esse
490 1778 693 1819 videntur
725 1776 797 1834 (cf.
820 1777 921 1820 ibid.
945 1779 970 1830 ξ
994 1778 1063 1819 26.
1095 1778 1151 1818 Α;
1186 1778 1315 1827 ,unde
1346 1780 1417 1820 isti
1449 1780 1627 1821 versus?

207 1863 294 1892 non
328 1853 441 1892 enim
473 1850 682 1906 agnosco.e
716 1851 785 1904 M„
817 1884 826 1893 .
858 1883 867 1892 .
900 1884 907 1891 .
942 1883 951 1892 .
985 1851 1160 1892 videsne
1194 1851 1412 1893 abundare
1443 1865 1512 1893 me
1544 1854 1628 1894 otio

208 1955 472 1966 .......
508 1926 656 1979 itaque
677 1928 906 1979 postquam
937 1925 1132 1965 adamavi
1155 1925 1263 1966 hanc
1297 1926 1421 1979 quasi
1449 1926 1627 1968 senilem

210 1996 572 2049 declamationem,
605 1998 796 2038 studiose
819 1997 1016 2051 equidem
1050 2001 1148 2038 utor
1176 1998 1333 2039 nostris
1353 2000 1508 2052 poetis3
1543 2000 1628 2052 sed,

209 2069 346 2110 sicubi
391 2070 453 2111 illi
497 2069 754 2122 defecerunt,
803 2071 911 2111 verti
959 2068 1094 2110 multa
1141 2070 1192 2111 de
1226 2070 1409 2123 Graecis,
1457 2085 1511 2113 ne
1544 2086 1627 2126 quo

209 2144 457 2182 ornamento
509 2142 555 2183 in
597 2142 676 2183 hoc
719 2155 874 2197 genere
924 2142 1221 2197 disputationis
1274 2147 1435 2186 careret
1478 2144 1629 2186 Latina

208 2213 388 2267 oratiof)

350 2284 442 2335 Quo
475 2292 663 2342 tempore
695 2289 888 2343 singulos
925 2289 1040 2330 locos
1072 2290 1340 2340 converterit,
1377 2291 1508 2331 statui
1539 2303 1624 2331 non

205 2361 361 2413 potest3
409 2372 485 2414 per
516 2364 645 2401 totam
691 2364 832 2403 autem
866 2363 998 2403 vitam
1036 2361 1137 2402 huic
1169 2362 1231 2403 rei
1263 2362 1479 2404 studuisse
1510 2364 1627 2404 vide-

206 2435 288 2482 tur,
321 2445 407 2485 qua
439 2432 490 2473 de
523 2445 654 2474 causa
675 2433 740 2474 his
768 2434 949 2489 singulis
981 2434 1178 2476 versibus
1212 2438 1452 2476 extremum
1482 2437 1626 2477 locum

204 2503 253 2543 in
312 2504 460 2546 ordine
513 2507 655 2560 poesis
714 2505 1015 2547 Ciceronianae
1076 2508 1304 2562 assignavi.
1382 2507 1474 2550 Nec
1529 2522 1625 2550 vero

206 2575 496 2630 improbabilis
529 2579 740 2620 sententia
771 2583 846 2632 est,
884 2579 1135 2639 complures,
1171 2581 1378 2634 imprimis
1412 2581 1625 2635 longiores

204 2647 320 2689 locos
351 2649 474 2690 illum
501 2651 588 2692 iam
610 2651 984 2694 adulescentulum
1011 2652 1163 2694 Latine
1194 2653 1444 2707 reddidisse,
1477 2667 1624 2707 quam-

1337 2730 1382 2766 4*
