1813 2972
880 102 904 143 9

179 223 296 266 nullo
328 221 453 264 modo
485 220 576 262 fieri
599 224 744 275 potest,
810 220 951 262 Etiam
983 218 1105 260 illum
1137 218 1277 259 locuni
1311 231 1364 259 ex
1388 219 1594 260 Varronis

181 295 540 350 chronographia:

393 367 513 421 ,vidit
544 370 584 408 et
616 366 799 408 aetherio
828 364 1038 406 mundum
1071 364 1310 418 torquerier
1342 376 1434 416 axe,

393 444 433 483 et
472 443 632 494 septem
670 438 852 480 aeternis
891 439 1076 479 sonitum
1111 436 1211 478 dare
1248 436 1426 477 vocibus
1460 436 1594 486 orbes„

395 514 575 555 nitentes
607 511 702 553 aliis
733 511 838 552 alios
873 543 882 552 .
914 510 939 552 .‘

181 587 248 628 vir
295 587 445 628 doctus
491 585 635 627 afferre
684 597 771 624 non
819 583 1012 626 debebat.
1089 582 1173 623 Hic
1225 595 1309 623 non
1365 581 1415 622 de
1463 582 1596 622 stellis

184 661 334 714 agitur,
372 659 445 701 sed
486 657 538 699 de
575 660 734 712 septem
769 657 951 697 aetheris
984 657 1167 708 circulis,
1201 656 1277 709 qui
1314 655 1425 696 inter
1457 667 1502 696 se
1534 655 1598 695 ni-

184 738 347 786 tuntur,
382 732 407 772 i.
441 743 476 772 e.
514 731 625 771 inter
653 742 698 771 se
742 730 976 770 cohaerent.
1039 728 1107 768 Ad
1140 732 1382 768 extremum
1419 722 1596 783 ,Ἀστρο-

183 801 330 847 θεσία(
363 808 405 845 et
442 797 663 860 ‚'.·11·ccz-02n'f
698 803 818 844 Arati
862 815 947 843 non
986 804 1141 842 cuncta
1173 804 1273 841 sunt
1306 813 1413 854 quae
1452 799 1596 840 Cicero

143 882 164 906 ⁰
184 878 399 930 convertit,
431 877 502 918 sed
537 880 763 931 praeterea,
800 879 848 916 ut
880 880 1026 916 notum
1060 879 1135 927 est,
1177 875 1270 914 eius
1303 872 1595 931 ,Διοσημεῖακ

181 949 330 992 Latine
361 950 556 992 reddidit.

334 1023 503 1065 Heusdi
536 1024 668 1077 igitur
700 1022 824 1063 lectio
857 1021 1025 1075 placere
1047 1021 1224 1061 minime
1245 1023 1382 1074 potest
1399 1023 1439 1061 et
1456 1032 1598 1061 rever-

184 1097 359 1138 tendum
378 1100 441 1138 est
458 1097 510 1137 ad
529 1096 793 1142 vetustiores,
825 1094 898 1135 sed
915 1094 1195 1147 simpliciores
1228 1097 1268 1134 et
1288 1092 1596 1147 probabiliores

185 1170 478 1210 correctiones.
506 1168 603 1209 Jam
637 1167 749 1221 apud
785 1166 1022 1208 Corradum
1056 1167 1100 1220 (l.
1118 1180 1150 1208 c..
1179 1180 1217 1220 p.
1236 1167 1335 1207 287.
1359 1184 1407 1201 =
1434 1179 1473 1220 p.
1499 1165 1595 1206 254.

183 1241 303 1290 Ern.)
339 1242 537 1295 legimus,
590 1240 635 1281 id
690 1240 803 1294 quod
852 1238 1060 1280 Gruterus
1111 1252 1282 1294 quoque
1323 1242 1364 1280 et
1402 1238 1596 1280 Nobbius

183 1313 374 1368 probant,
406 1326 528 1367 ‚quae
551 1312 696 1354 Cicero
730 1326 789 1354 ex
822 1310 1077 1353 Demetrio
1123 1316 1169 1353 et
1206 1313 1382 1361 Arato,
1431 1314 1480 1351 et
1510 1311 1597 1350 Al-

186 1398 370 1438 cyonas
410 1390 456 1427 et
489 1386 740 1428 Uxorium
776 1390 823 1426 et
854 1384 1054 1426 Nilum:
1098 1398 1205 1439 quae
1239 1384 1414 1439 quidem
1447 1415 1455 1423 .
1574 1383 1596 1423 ὅ

183 1457 265 1500 Sed
313 1459 364 1500 de
404 1458 620 1500 Demetrio
659 1462 781 1513 poeta
813 1458 998 1512 quodam
1031 1470 1171 1511 neque
1204 1457 1316 1510 apud
1350 1455 1597 1498 Ciceronem

183 1543 322 1584 neque
353 1532 457 1573 alias
491 1532 726 1586 quidquam
761 1532 1056 1585 comperimus.
1136 1532 1279 1584 Atque
1312 1530 1438 1570 etiam
1472 1529 1598 1570 dictio

183 1604 227 1644 in
258 1604 331 1645 illa
362 1605 540 1646 lectione
573 1604 884 1659 quodammodo
917 1604 1023 1645 dura
1056 1607 1097 1645 et
1129 1616 1276 1657 aspera
1309 1606 1384 1645 est.

328 1675 606 1719 Casaubonus
652 1679 871 1732 proposuit
915 1689 1038 1731 ,quae
1071 1676 1214 1718 Cicero
1271 1676 1455 1728 edidit,
1498 1675 1600 1716 Ma-

186 1749 315 1789 rium
365 1754 411 1791 et
442 1752 657 1791 Aratum
691 1755 738 1791 et
769 1751 1026 1802 Alcyonas
1065 1752 1117 1791 et
1148 1749 1406 1790 Uxorium
1438 1752 1490 1789 et
1521 1747 1600 1788 Li-

186 1821 356 1862 mona.‘
450 1822 517 1863 Ex
564 1823 782 1864 decurtato
832 1823 974 1874 ,edidit
1019 1822 1216 1863 Marium‘
1257 1820 1362 1876 (fere
1395 1823 1477 1863 sic:
1525 1821 1600 1869 „ed

186 1892 368 1951 Mariuf)
412 1896 533 1937 facile
565 1897 681 1937 nasci
731 1897 867 1950 potuit
909 1900 960 1948 ‚et
996 1896 1046 1937 de
1085 1895 1242 1945 Μίηὶο,ι
1274 1894 1342 1934 vel
1375 1894 1600 1946 ,demerio‘.

185 1967 246 2008 At
281 1967 454 2018 ‚Nilum‘
508 1982 594 2010 non
640 1970 732 2010 iure
771 1967 1049 2010 Casaubonus
1090 1970 1136 2008 in
1169 1965 1372 2020 ,Limona‘
1408 1967 1600 2019 mutavit,

187 2040 265 2080 etsi
302 2041 471 2082 nullum
527 2042 641 2082 aliud
683 2042 975 2082 testimonium
1007 2041 1124 2082 illius
1158 2041 1358 2081 carminis
1392 2041 1598 2082 occurrit:

187 2113 342 2166 quippe
381 2115 504 2155 etiam
546 2115 671 2156 Ponti
704 2114 852 2155 Glauci
894 2118 933 2155 et
973 2115 1131 2168 elegiae
1161 2114 1279 2154 illius
1312 2125 1400 2153 uno
1433 2116 1600 2154 tantum

184 2183 289 2237 loc-o,
341 2190 388 2227 ut
426 2188 598 2239 scimus,
651 2188 809 2228 mentio
862 2186 921 2240 fit,
964 2189 1067 2228 item
1119 2187 1321 2228 carminis
1371 2185 1599 2239 ⁷Uxorius‘.

184 2255 338 2311 Itaque
372 2261 529 2313 optimo
559 2261 655 2301 iure
688 2259 920 2301 Salmasius
953 2261 1104 2301 ceteris
1129 2258 1378 2300 Casaubono
1400 2271 1601 2300 assensus

186 2328 361 2374 ’Nilum‘
386 2333 429 2372 in
454 2336 619 2373 text-um
653 2333 849 2386 restituit,
883 2346 1010 2387 quem
1044 2345 1190 2373 omnes
1222 2333 1480 2372 recentiores
1513 2332 1601 2373 edi-

185 2406 297 2444 tores
330 2406 465 2445 secuti
499 2409 612 2457 sunt,
642 2406 700 2445 ita
735 2410 779 2446 ut
810 2406 934 2447 hodie
966 2406 1156 2460 legamus
1199 2438 1219 2458 ,.
1255 2436 1266 2446 .
1301 2438 1308 2446 .
1344 2408 1499 2446 cuneta
1529 2404 1602 2445 illa

189 2488 296 2528 quae
329 2475 504 2518 Cicero
545 2478 725 2530 edidit,
764 2476 981 2519 Marium
1026 2486 1075 2519 et
1115 2478 1326 2518 Aratum
1369 2480 1415 2518 et
1446 2477 1602 2530 Alcy-

188 2558 308 2589 onas
339 2553 386 2590 et
415 2549 610 2591 Nilum*

333 2619 397 2663 De
428 2621 561 2663 Mario
594 2626 635 2664 et
667 2623 835 2664 Arateis
867 2623 995 2677 paulo
1027 2623 1137 2664 infra
1169 2623 1322 2664 dicam.
