1813 2972
0 1094 2 1101 “
0 1049 7 1066 ”
0 589 30 1035 κ’·ῌ-ῑητεκζξνωὲψ
4 529 28 571 5„
26 514 30 521 ‚

838 105 890 146 37

151 233 321 262 carmen
371 220 422 262 de
467 221 693 263 consulatu
741 235 777 264 a.
812 221 880 264 60.
913 222 1095 275 finitum,
1143 226 1190 263 ut
1238 222 1416 264 Vossius
1466 225 1570 277 vult,

152 293 346 335 nondum
393 293 586 347 ediderit,
624 295 698 336 sed
743 298 889 335 contra
921 295 1135 349 putandus
1167 298 1242 346 est,
1281 300 1327 334 ut
1359 299 1450 336 erat
1481 298 1570 349 glo-

151 368 238 408 riae
270 367 433 416 sitiens,
467 368 608 408 statim
641 371 867 421 postquam
899 366 1079 407 confecit
1102 364 1263 419 publici
1286 367 1390 407 iuris
1408 368 1569 409 fecisse.

151 439 273 481 Certe
305 440 388 480 iam
423 453 456 480 a.
492 441 573 493 55„
605 441 630 481 i.
653 452 685 480 e.
719 443 814 480 ante
846 439 962 479 illam
996 438 1222 492 epistulam
1257 451 1426 479 carmen
1460 440 1571 480 inter

149 511 366 554 Romanos
400 512 667 566 divolgatum
701 514 812 553 erat:
847 525 945 552 nam
978 511 1049 552 illo
1083 524 1196 552 anno
1229 511 1273 551 in
1307 512 1498 553 oratione
1524 513 1568 552 in

151 583 352 626 Pisonem
386 586 454 628 29.
491 586 557 626 72.
591 597 682 639 sqq.
715 584 904 626 defendit
952 597 1121 625 versum
1170 583 1221 625 ab
1259 585 1444 626 inimicis
1477 586 1570 625 irri-

151 670 246 698 sum
281 658 443 710 ,cedant
475 671 592 699 arma
623 662 758 712 togae,
790 657 994 698 concedat
1026 657 1169 698 laurea
1198 657 1347 710 laudi‘,
1379 659 1569 712 quisine

150 731 240 771 ullo
279 730 405 772 dubio
444 734 485 772 et
517 732 710 772 omnium
744 731 935 771 virorum
969 730 1191 771 doctorum
1223 742 1325 771 cum
1357 743 1569 772 consensu

149 803 213 843 illi
245 804 424 844 carmini
457 802 758 845 attribuendus
791 806 866 845 est.
936 802 1087 857 Neque
1120 804 1245 844 etiam
1278 806 1444 845 rectum
1476 817 1569 845 esse

143 875 253 916 mihi
296 875 476 929 videtur,
526 876 640 930 quod
689 875 875 917 Orellius
924 879 1044 930 putat
1097 875 1342 917 Ciceronem
1404 877 1449 917 in
1495 877 1569 918 illa

149 949 330 1002 epistula
373 949 558 990 demisso
597 951 740 990 animo
772 949 960 991 modesto
993 950 1164 990 nomine
1211 949 1275 1002 ,de
1306 949 1568 1003 temporibus

150 1020 269 1062 meis<
303 1035 431 1063 usum
465 1035 569 1064 esse.
633 1022 729 1063 Non
763 1026 946 1077 apparet,
979 1035 1056 1063 cur
1086 1026 1171 1062 tam
1196 1022 1350 1063 afflicto
1373 1025 1414 1063 et
1434 1022 1566 1064 fracto

150 1097 294 1135 animo
340 1095 478 1147 fuerit,
528 1108 626 1136 oum
677 1095 791 1149 apud
833 1094 1057 1136 Caesarem
1102 1098 1142 1135 et
1179 1093 1444 1149 Pompeium,
1492 1097 1567 1150 qui

148 1167 222 1207 illo
254 1171 442 1222 tempore
473 1169 518 1209 in
550 1180 596 1209 re
627 1167 798 1222 publica
829 1169 989 1221 primas
1014 1171 1155 1222 partes
1173 1167 1366 1222 agebant,
1400 1181 1568 1210 summa

148 1241 287 1294 gratia
328 1244 528 1282 uteretur.
592 1240 816 1281 Praeterea
864 1252 919 1280 ex
967 1240 1041 1282 illa
1081 1240 1264 1294 epistula
1301 1242 1404 1282 satis
1436 1241 1567 1283 claret

147 1313 193 1353 in
240 1314 430 1354 carmine
474 1312 677 1354 exsilium
724 1313 996 1367 reditumque
1037 1317 1215 1354 tractata
1245 1313 1392 1367 fuisse,
1429 1315 1486 1355 ita
1519 1318 1567 1355 ut

146 1397 302 1426 nomen
346 1385 410 1438 ,de
441 1385 682 1427 consulatu<
729 1387 923 1440 ineptum
957 1391 1078 1428 esset.
1151 1386 1241 1427 Nec
1273 1399 1374 1428 vero
1421 1388 1566 1428 minus

148 1457 355 1512 displicet,
409 1459 526 1513 quod
577 1458 772 1500 Nobbius
824 1459 934 1500 velle
985 1459 1165 1510 videtur,
1222 1459 1468 1500 Ciceronem
1519 1461 1565 1500 in

146 1533 371 1572 retractato
411 1532 550 1586 priore
583 1531 634 1572 de
667 1531 891 1572 consulatu
925 1533 1114 1573 carmine
1147 1536 1187 1573 et
1221 1533 1492 1574 consulatum
1525 1537 1565 1574 et

148 1604 349 1645 exsilium
379 1604 652 1660 reditumque
684 1616 905 1646 enarrasse
937 1605 981 1659 (1.
1016 1618 1050 1646 c.
1084 1619 1122 1659 p.
1158 1606 1319 1661 ].051.):
1355 1619 1455 1646 nam
1487 1607 1562 1647 vix

147 1677 350 1718 credibile
381 1682 455 1731 est,
487 1690 597 1731 eum,
629 1681 852 1732 postquam
886 1682 983 1719 ante
1014 1679 1244 1719 minimum
1275 1679 1411 1721 tribus
1442 1679 1562 1721 libris

148 1749 200 1790 de
241 1763 354 1791 anno
396 1750 462 1790 63.
500 1751 596 1804 egit,
643 1755 790 1805 postea
820 1755 955 1792 totum
988 1752 1190 1806 temporis
1222 1753 1408 1806 spatium
1439 1752 1491 1793 ab
1525 1766 1562 1795 a.

150 1822 217 1863 63.
252 1834 392 1876 usque
425 1822 477 1863 ad
516 1836 551 1864 a.
590 1823 656 1863 57.
688 1825 791 1865 item
822 1826 866 1865 in
900 1828 986 1866 tres
1018 1824 1481 1878 libroscompressisse
1514 1838 1562 1866 ac

148 1899 370 1938 coartasse.
435 1895 604 1945 Quibus
637 1896 688 1937 de
721 1898 862 1939 causis
894 1910 1150 1952 persuasum
1181 1897 1313 1938 habeo
1347 1899 1429 1939 duo
1451 1899 1564 1940 inter

147 1980 192 2009 se
225 1968 392 2010 diversa
424 1970 613 2010 carmina
646 1971 872 2012 statuenda
904 1983 1005 2012 esse.
1067 1969 1296 2024 Repugnat
1326 1972 1562 2012 sententiae

147 2044 318 2082 nostrae
360 2041 527 2083 nullum
573 2043 866 2083 testimonium
912 2045 995 2084 nisi
1051 2044 1265 2084 adnotatio
1313 2043 1562 2085 scholiastae

146 2113 373 2156 Bobiensis
421 2115 476 2156 ad
518 2119 622 2156 orat.
665 2128 740 2170 pro
774 2114 917 2157 Plane.
952 2117 1020 2158 30.
1057 2117 1121 2157 74.
1184 2115 1251 2156 Ibi
1284 2114 1430 2157 Cicero
1463 2116 1563 2157 dicit

147 2185 336 2239 Plancio,
369 2187 482 2241 quod
514 2189 692 2229 meritus
725 2192 836 2230 esset
869 2188 920 2230 de
951 2189 1089 2230 reditu
1122 2202 1178 2231 ex
1210 2189 1374 2242 exsilio,
1405 2189 1562 2243 gratias

148 2273 193 2301 se
240 2261 375 2314 egisse
422 2264 462 2301 et
506 2261 551 2301 in
589 2262 778 2302 oratione
821 2266 915 2316 post
946 2263 1131 2304 reditum
1160 2263 1205 2303 in
1238 2264 1389 2303 senatu
1419 2261 1562 2303 habita

148 2336 187 2374 et
218 2333 263 2373 in
295 2334 496 2374 carmine.
557 2332 665 2374 Nam
699 2347 868 2376 carmen
901 2346 998 2375 eum
1019 2335 1065 2374 in
1087 2335 1228 2374 animo
1260 2334 1416 2376 habere
1447 2338 1563 2390 patet

147 2405 258 2458 inde,
297 2406 411 2460 quod
444 2407 546 2447 dicit
577 2407 687 2458 ,nolo
731 2410 881 2459 cetera,
916 2419 1025 2460 quae
1058 2419 1082 2446 a
1119 2419 1188 2447 me
1218 2407 1419 2448 mandata
1458 2412 1562 2448 sunt

147 2478 312 2533 litteris,
342 2480 540 2520 recitare:
588 2481 891 2534 praetermitto,
922 2491 974 2520 ne
1008 2482 1081 2519 aut
1110 2479 1296 2532 proferre
1327 2479 1476 2520 videar
1508 2480 1559 2520 ad

147 2555 318 2606 tempus
354 2555 427 2593 aut
459 2565 507 2593 eo
538 2564 692 2607 genere
726 2552 789 2592 uti
819 2552 1071 2603 litterarum,
1120 2551 1235 2605 quod
1267 2552 1374 2592 meis
1406 2553 1559 2594 studiis

148 2625 290 2678 aptius
323 2637 452 2678 quam
484 2624 784 2666 consuetudini
814 2624 1073 2665 iudiciorum
1105 2636 1197 2666 esse
1230 2623 1427 2665 videtur}
1509 2625 1560 2666 Id
