<?xml version="1.0" encoding="UTF-8"?>
<!DOCTYPE html PUBLIC "-//W3C//DTD XHTML 1.0 Transitional//EN"
    "http://www.w3.org/TR/xhtml1/DTD/xhtml1-transitional.dtd">
<html xmlns="http://www.w3.org/1999/xhtml" xml:lang="en" lang="en">
 <head>
  <title>
</title>
<meta http-equiv="Content-Type" content="text/html;charset=utf-8" />
  <meta name='ocr-system' content='tesseract 3.04.00' />
  <meta name='ocr-capabilities' content='ocr_page ocr_carea ocr_par ocr_line ocrx_word'/>
</head>
<body>
  <div class='ocr_page' id='page_1' title='image "./demtulliociceron00groluoft_0047.png"; bbox 0 0 1813 2972; ppageno 0'>
   <div class='ocr_carea' id='block_1_1' title="bbox 873 138 927 178">
    <p class='ocr_par' dir='ltr' id='par_1_1' title="bbox 873 138 927 178">
     <span class='ocr_line' id='line_1_1' title="bbox 873 138 927 178; baseline 0 0"><span class='ocrx_word' id='word_1_1' title='bbox 873 138 927 178; x_wconf 86' lang='lat'>39</span> 
     </span>
    </p>
   </div>
   <div class='ocr_carea' id='block_1_2' title="bbox 0 251 1613 2490">
    <p class='ocr_par' dir='ltr' id='par_1_2' title="bbox 0 251 1613 2490">
     <span class='ocr_line' id='line_1_2' title="bbox 195 251 1607 312; baseline -0.001 -15"><span class='ocrx_word' id='word_1_2' title='bbox 195 256 268 312; x_wconf 92' lang='lat' dir='ltr'>qui</span> <span class='ocrx_word' id='word_1_3' title='bbox 287 258 377 297; x_wconf 88' lang='lat' dir='ltr'>tum</span> <span class='ocrx_word' id='word_1_4' title='bbox 398 259 487 296; x_wconf 87' lang='lat' dir='ltr'>erat</span> <span class='ocrx_word' id='word_1_5' title='bbox 507 256 550 296; x_wconf 91' lang='lat' dir='ltr'>in</span> <span class='ocrx_word' id='word_1_6' title='bbox 578 254 811 308; x_wconf 79' lang='lat' dir='ltr'>Britannia,</span> <span class='ocrx_word' id='word_1_7' title='bbox 842 255 997 309; x_wconf 77' lang='lat' dir='ltr'>legisse</span> <span class='ocrx_word' id='word_1_8' title='bbox 1024 265 1072 295; x_wconf 89' lang='lat' dir='ltr'>ac</span> <span class='ocrx_word' id='word_1_9' title='bbox 1098 251 1392 306; x_wconf 73' lang='lat' dir='ltr'>comprobasse</span> <span class='ocrx_word' id='word_1_10' title='bbox 1426 253 1607 306; x_wconf 81' lang='lat' dir='ltr'>videtur,</span> 
     </span>
     <span class='ocr_line' id='line_1_3' title="bbox 194 324 1608 382; baseline -0.004 -11"><span class='ocrx_word' id='word_1_11' title='bbox 194 329 245 372; x_wconf 85' lang='lat' dir='ltr'>cf.</span> <span class='ocrx_word' id='word_1_12' title='bbox 277 328 331 370; x_wconf 89' lang='lat' dir='ltr'>ad</span> <span class='ocrx_word' id='word_1_13' title='bbox 363 327 408 377; x_wconf 79' lang='lat' dir='ltr'>Q.</span> <span class='ocrx_word' id='word_1_14' title='bbox 441 327 488 370; x_wconf 84' lang='lat' dir='ltr'>fr.</span> <span class='ocrx_word' id='word_1_15' title='bbox 522 327 578 370; x_wconf 90' lang='grc' dir='ltr'>ΙΙ,</span> <span class='ocrx_word' id='word_1_16' title='bbox 620 329 686 371; x_wconf 88' lang='grc'>15.</span> <span class='ocrx_word' id='word_1_17' title='bbox 728 329 764 368; x_wconf 82' lang='lat'>2.</span> <span class='ocrx_word' id='word_1_18' title='bbox 803 326 855 382; x_wconf 90' lang='lat' dir='ltr'>(a.</span> <span class='ocrx_word' id='word_1_19' title='bbox 890 324 978 382; x_wconf 75' lang='lat'>54.)</span> <span class='ocrx_word' id='word_1_20' title='bbox 1018 325 1231 379; x_wconf 86' lang='lat' dir='ltr'>‚quoniam</span> <span class='ocrx_word' id='word_1_21' title='bbox 1272 324 1421 365; x_wconf 84' lang='lat' dir='ltr'>scribis</span> <span class='ocrx_word' id='word_1_22' title='bbox 1459 339 1608 379; x_wconf 83' lang='lat' dir='ltr'>poema</span> 
     </span>
     <span class='ocr_line' id='line_1_4' title="bbox 194 395 1607 456; baseline -0.005 -13"><span class='ocrx_word' id='word_1_23' title='bbox 194 401 247 444; x_wconf 82' lang='lat' dir='ltr'>ab</span> <span class='ocrx_word' id='word_1_24' title='bbox 280 413 328 443; x_wconf 81' lang='lat' dir='ltr'>eo</span> <span class='ocrx_word' id='word_1_25' title='bbox 361 401 433 454; x_wconf 86' lang='lat' dir='ltr'>(Sc.</span> <span class='ocrx_word' id='word_1_26' title='bbox 460 400 657 456; x_wconf 80' lang='lat' dir='ltr'>Caesare)</span> <span class='ocrx_word' id='word_1_27' title='bbox 690 403 885 442; x_wconf 85' lang='lat' dir='ltr'>nostrum</span> <span class='ocrx_word' id='word_1_28' title='bbox 910 396 1105 453; x_wconf 72' lang='lat' dir='ltr'>proba1·i³,</span> <span class='ocrx_word' id='word_1_29' title='bbox 1137 397 1189 438; x_wconf 85' lang='lat' dir='ltr'>ad</span> <span class='ocrx_word' id='word_1_30' title='bbox 1218 395 1266 445; x_wconf 84' lang='lat' dir='ltr'>Q.</span> <span class='ocrx_word' id='word_1_31' title='bbox 1299 396 1348 437; x_wconf 85' lang='lat' dir='ltr'>fr.</span> <span class='ocrx_word' id='word_1_32' title='bbox 1380 396 1436 438; x_wconf 90' lang='lat' dir='ltr'>II.</span> <span class='ocrx_word' id='word_1_33' title='bbox 1474 398 1536 437; x_wconf 83' lang='grc'>16.</span> <span class='ocrx_word' id='word_1_34' title='bbox 1572 400 1607 438; x_wconf 91' lang='grc'>5.</span> 
     </span>
     <span class='ocr_line' id='line_1_5' title="bbox 193 467 1608 528; baseline -0.004 -13"><span class='ocrx_word' id='word_1_35' title='bbox 193 476 246 528; x_wconf 82' lang='lat' dir='ltr'>(a.</span> <span class='ocrx_word' id='word_1_36' title='bbox 281 474 368 527; x_wconf 89' lang='lat'>54.)</span> <span class='ocrx_word' id='word_1_37' title='bbox 410 474 494 527; x_wconf 89' lang='lat' dir='ltr'>,sed</span> <span class='ocrx_word' id='word_1_38' title='bbox 529 474 636 515; x_wconf 89' lang='lat' dir='ltr'>heus</span> <span class='ocrx_word' id='word_1_39' title='bbox 667 476 726 526; x_wconf 86' lang='lat' dir='ltr'>tu,</span> <span class='ocrx_word' id='word_1_40' title='bbox 765 471 892 513; x_wconf 83' lang='lat' dir='ltr'>celari</span> <span class='ocrx_word' id='word_1_41' title='bbox 925 470 1071 511; x_wconf 89' lang='lat' dir='ltr'>videor</span> <span class='ocrx_word' id='word_1_42' title='bbox 1102 483 1125 511; x_wconf 88' lang='lat' dir='ltr'>a</span> <span class='ocrx_word' id='word_1_43' title='bbox 1158 473 1208 511; x_wconf 89' lang='lat' dir='ltr'>te.</span> <span class='ocrx_word' id='word_1_44' title='bbox 1271 467 1608 520; x_wconf 83' lang='lat' dir='ltr'>Quomodonam,</span> 
     </span>
     <span class='ocr_line' id='line_1_6' title="bbox 123 542 1609 601; baseline -0.005 -11"><span class='ocrx_word' id='word_1_45' title='bbox 123 592 126 594; x_wconf 64' lang='grc'>,</span> <span class='ocrx_word' id='word_1_46' title='bbox 192 548 251 589; x_wconf 88' lang='lat' dir='ltr'>mi</span> <span class='ocrx_word' id='word_1_47' title='bbox 297 547 454 601; x_wconf 87' lang='lat' dir='ltr'>frater,</span> <span class='ocrx_word' id='word_1_48' title='bbox 501 546 552 588; x_wconf 91' lang='lat' dir='ltr'>de</span> <span class='ocrx_word' id='word_1_49' title='bbox 600 546 756 587; x_wconf 83' lang='lat' dir='ltr'>nostris</span> <span class='ocrx_word' id='word_1_50' title='bbox 803 543 1000 585; x_wconf 85' lang='lat' dir='ltr'>versibus</span> <span class='ocrx_word' id='word_1_51' title='bbox 1047 542 1228 584; x_wconf 80' lang='lat' dir='ltr'>Caesar?</span> <span class='ocrx_word' id='word_1_52' title='bbox 1276 555 1374 583; x_wconf 88' lang='lat' dir='ltr'>nam</span> <span class='ocrx_word' id='word_1_53' title='bbox 1422 543 1609 596; x_wconf 88' lang='lat' dir='ltr'>primum</span> 
     </span>
     <span class='ocr_line' id='line_1_7' title="bbox 191 613 1609 673; baseline -0.005 -12"><span class='ocrx_word' id='word_1_54' title='bbox 191 619 348 661; x_wconf 87' lang='lat' dir='ltr'>librum</span> <span class='ocrx_word' id='word_1_55' title='bbox 381 632 425 662; x_wconf 91' lang='lat' dir='ltr'>se</span> <span class='ocrx_word' id='word_1_56' title='bbox 457 619 610 673; x_wconf 79' lang='lat' dir='ltr'>legisse</span> <span class='ocrx_word' id='word_1_57' title='bbox 648 618 816 672; x_wconf 84' lang='lat' dir='ltr'>scripsit</span> <span class='ocrx_word' id='word_1_58' title='bbox 854 617 905 658; x_wconf 89' lang='lat' dir='ltr'>ad</span> <span class='ocrx_word' id='word_1_59' title='bbox 947 629 1013 659; x_wconf 89' lang='lat' dir='ltr'>me</span> <span class='ocrx_word' id='word_1_60' title='bbox 1051 616 1178 658; x_wconf 56' lang='lat' dir='ltr'>ante}</span> <span class='ocrx_word' id='word_1_61' title='bbox 1241 614 1521 656; x_wconf 89' lang='lat' dir='ltr'>Drumannus</span> <span class='ocrx_word' id='word_1_62' title='bbox 1560 613 1609 670; x_wconf 84' lang='lat' dir='ltr'>(l.</span> 
     </span>
     <span class='ocr_line' id='line_1_8' title="bbox 193 688 1609 747; baseline -0.005 -12"><span class='ocrx_word' id='word_1_63' title='bbox 193 706 227 736; x_wconf 91' lang='lat' dir='ltr'>c.</span> <span class='ocrx_word' id='word_1_64' title='bbox 263 707 298 734; x_wconf 75' lang='grc' dir='ltr'>ν.</span> <span class='ocrx_word' id='word_1_65' title='bbox 330 692 383 734; x_wconf 91' lang='grc' dir='ltr'>ΙΙ.</span> <span class='ocrx_word' id='word_1_66' title='bbox 416 705 452 747; x_wconf 93' lang='lat' dir='ltr'>p.</span> <span class='ocrx_word' id='word_1_67' title='bbox 486 691 588 742; x_wconf 81' lang='lat'>3353</span> <span class='ocrx_word' id='word_1_68' title='bbox 636 705 677 734; x_wconf 77' lang='lat' dir='ltr'>v,</span> <span class='ocrx_word' id='word_1_69' title='bbox 710 690 785 732; x_wconf 88' lang='lat'>111.</span> <span class='ocrx_word' id='word_1_70' title='bbox 820 703 855 744; x_wconf 91' lang='lat' dir='ltr'>p.</span> <span class='ocrx_word' id='word_1_71' title='bbox 890 689 1008 744; x_wconf 79' lang='lat'>322.)</span> <span class='ocrx_word' id='word_1_72' title='bbox 1057 693 1194 743; x_wconf 83' lang='lat' dir='ltr'>negat,</span> <span class='ocrx_word' id='word_1_73' title='bbox 1239 688 1318 729; x_wconf 88' lang='lat' dir='ltr'>hoc</span> <span class='ocrx_word' id='word_1_74' title='bbox 1361 688 1455 729; x_wconf 88' lang='lat' dir='ltr'>loco</span> <span class='ocrx_word' id='word_1_75' title='bbox 1503 688 1609 728; x_wconf 84' lang='lat' dir='ltr'>illud</span> 
     </span>
     <span class='ocr_line' id='line_1_9' title="bbox 193 761 1610 819; baseline -0.004 -12"><span class='ocrx_word' id='word_1_76' title='bbox 193 778 362 808; x_wconf 88' lang='lat' dir='ltr'>carmen</span> <span class='ocrx_word' id='word_1_77' title='bbox 407 764 736 819; x_wconf 84' lang='lat' dir='ltr'>intelligendum</span> <span class='ocrx_word' id='word_1_78' title='bbox 785 775 890 816; x_wconf 88' lang='lat' dir='ltr'>esse,</span> <span class='ocrx_word' id='word_1_79' title='bbox 934 763 1048 817; x_wconf 84' lang='lat' dir='ltr'>quod</span> <span class='ocrx_word' id='word_1_80' title='bbox 1081 761 1252 803; x_wconf 85' lang='lat' dir='ltr'>Caesari</span> <span class='ocrx_word' id='word_1_81' title='bbox 1291 761 1468 802; x_wconf 86' lang='lat' dir='ltr'>minime</span> <span class='ocrx_word' id='word_1_82' title='bbox 1499 761 1610 802; x_wconf 88' lang='lat' dir='ltr'>inter</span> 
     </span>
     <span class='ocr_line' id='line_1_10' title="bbox 195 834 1607 888; baseline -0.001 -11"><span class='ocrx_word' id='word_1_83' title='bbox 195 848 341 877; x_wconf 87' lang='lat' dir='ltr'>omnes</span> <span class='ocrx_word' id='word_1_84' title='bbox 365 837 529 878; x_wconf 87' lang='lat' dir='ltr'>mittere</span> <span class='ocrx_word' id='word_1_85' title='bbox 558 849 746 878; x_wconf 87' lang='lat' dir='ltr'>ausurus</span> <span class='ocrx_word' id='word_1_86' title='bbox 766 835 928 887; x_wconf 87' lang='lat' dir='ltr'>fuisset,</span> <span class='ocrx_word' id='word_1_87' title='bbox 959 835 1032 876; x_wconf 90' lang='lat' dir='ltr'>sed</span> <span class='ocrx_word' id='word_1_88' title='bbox 1063 835 1178 876; x_wconf 84' lang='lat' dir='ltr'>aliud</span> <span class='ocrx_word' id='word_1_89' title='bbox 1203 834 1414 888; x_wconf 84' lang='lat' dir='ltr'>quoddam</span> <span class='ocrx_word' id='word_1_90' title='bbox 1443 845 1607 888; x_wconf 85' lang='lat' dir='ltr'>poema.</span> 
     </span>
     <span class='ocr_line' id='line_1_11' title="bbox 60 890 1609 964; baseline -0.002 -14"><span class='ocrx_word' id='word_1_91' title='bbox 60 913 68 919; x_wconf 65' lang='lat'><strong>⁴</strong></span> <span class='ocrx_word' id='word_1_92' title='bbox 132 890 159 917; x_wconf 61' lang='lat'><strong>⁹</strong></span> <span class='ocrx_word' id='word_1_93' title='bbox 195 907 276 950; x_wconf 85' lang='lat' dir='ltr'>Sed</span> <span class='ocrx_word' id='word_1_94' title='bbox 308 912 603 964; x_wconf 84' lang='lat' dir='ltr'>praeterquam</span> <span class='ocrx_word' id='word_1_95' title='bbox 639 909 751 963; x_wconf 90' lang='lat' dir='ltr'>quod</span> <span class='ocrx_word' id='word_1_96' title='bbox 786 907 931 950; x_wconf 87' lang='lat' dir='ltr'>Cicero</span> <span class='ocrx_word' id='word_1_97' title='bbox 970 910 1015 949; x_wconf 89' lang='lat' dir='ltr'>in</span> <span class='ocrx_word' id='word_1_98' title='bbox 1064 907 1251 948; x_wconf 85' lang='lat' dir='ltr'>carmine</span> <span class='ocrx_word' id='word_1_99' title='bbox 1297 907 1370 947; x_wconf 91' lang='lat' dir='ltr'>illo</span> <span class='ocrx_word' id='word_1_100' title='bbox 1401 907 1609 958; x_wconf 87' lang='lat' dir='ltr'>inimicos,</span> 
     </span>
     <span class='ocr_line' id='line_1_12' title="bbox 192 979 1611 1038; baseline -0.001 -16"><span class='ocrx_word' id='word_1_101' title='bbox 192 985 242 1022; x_wconf 85' lang='lat' dir='ltr'>ut</span> <span class='ocrx_word' id='word_1_102' title='bbox 262 981 354 1036; x_wconf 88' lang='lat' dir='ltr'>ipse</span> <span class='ocrx_word' id='word_1_103' title='bbox 374 985 556 1024; x_wconf 85' lang='lat' dir='ltr'>testatur</span> <span class='ocrx_word' id='word_1_104' title='bbox 580 981 649 1038; x_wconf 86' lang='lat' dir='ltr'>(cf.</span> <span class='ocrx_word' id='word_1_105' title='bbox 673 983 724 1023; x_wconf 91' lang='lat' dir='ltr'>ad</span> <span class='ocrx_word' id='word_1_106' title='bbox 746 981 842 1022; x_wconf 81' lang='lat' dir='ltr'>fam.</span> <span class='ocrx_word' id='word_1_107' title='bbox 876 981 906 1022; x_wconf 90' lang='grc' dir='ltr'>Ι.</span> <span class='ocrx_word' id='word_1_108' title='bbox 941 982 980 1023; x_wconf 86' lang='grc'>9.</span> <span class='ocrx_word' id='word_1_109' title='bbox 1014 980 1110 1034; x_wconf 67' lang='lat'>23),</span> <span class='ocrx_word' id='word_1_110' title='bbox 1142 979 1354 1021; x_wconf 86' lang='lat' dir='ltr'>moderate</span> <span class='ocrx_word' id='word_1_111' title='bbox 1386 983 1427 1021; x_wconf 86' lang='lat' dir='ltr'>et</span> <span class='ocrx_word' id='word_1_112' title='bbox 1457 980 1611 1021; x_wconf 87' lang='lat' dir='ltr'>leniter</span> 
     </span>
     <span class='ocr_line' id='line_1_13' title="bbox 195 1051 1609 1108; baseline -0.002 -13"><span class='ocrx_word' id='word_1_113' title='bbox 195 1056 401 1108; x_wconf 85' lang='lat' dir='ltr'>tractavit,</span> <span class='ocrx_word' id='word_1_114' title='bbox 434 1067 532 1097; x_wconf 92' lang='lat' dir='ltr'>eum</span> <span class='ocrx_word' id='word_1_115' title='bbox 563 1056 604 1096; x_wconf 91' lang='lat' dir='ltr'>in</span> <span class='ocrx_word' id='word_1_116' title='bbox 641 1054 862 1096; x_wconf 86' lang='lat' dir='ltr'>Caesarem</span> <span class='ocrx_word' id='word_1_117' title='bbox 902 1055 1122 1095; x_wconf 87' lang='lat' dir='ltr'>invectum</span> <span class='ocrx_word' id='word_1_118' title='bbox 1170 1065 1262 1095; x_wconf 87' lang='lat' dir='ltr'>esse</span> <span class='ocrx_word' id='word_1_119' title='bbox 1295 1051 1490 1094; x_wconf 88' lang='lat' dir='ltr'>arbitrari</span> <span class='ocrx_word' id='word_1_120' title='bbox 1522 1065 1609 1093; x_wconf 90' lang='lat' dir='ltr'>non</span> 
     </span>
     <span class='ocr_line' id='line_1_14' title="bbox 193 1124 1610 1180; baseline -0.001 -13"><span class='ocrx_word' id='word_1_121' title='bbox 193 1139 366 1169; x_wconf 85' lang='lat' dir='ltr'>necesse</span> <span class='ocrx_word' id='word_1_122' title='bbox 413 1132 487 1170; x_wconf 86' lang='lat' dir='ltr'>est.</span> <span class='ocrx_word' id='word_1_123' title='bbox 549 1127 647 1168; x_wconf 84' lang='lat' dir='ltr'>Jam</span> <span class='ocrx_word' id='word_1_124' title='bbox 694 1127 859 1168; x_wconf 84' lang='lat' dir='ltr'>reditus</span> <span class='ocrx_word' id='word_1_125' title='bbox 892 1139 945 1168; x_wconf 83' lang='lat' dir='ltr'>ex</span> <span class='ocrx_word' id='word_1_126' title='bbox 991 1127 1141 1168; x_wconf 79' lang='lat' dir='ltr'>exsilio</span> <span class='ocrx_word' id='word_1_127' title='bbox 1175 1139 1211 1166; x_wconf 88' lang='lat' dir='ltr'>a.</span> <span class='ocrx_word' id='word_1_128' title='bbox 1249 1125 1315 1168; x_wconf 87' lang='lat'>57.</span> <span class='ocrx_word' id='word_1_129' title='bbox 1350 1124 1610 1180; x_wconf 86' lang='lat' dir='ltr'>approbante</span> 
     </span>
     <span class='ocr_line' id='line_1_15' title="bbox 196 1197 1610 1253; baseline 0 -13"><span class='ocrx_word' id='word_1_130' title='bbox 196 1197 387 1253; x_wconf 87' lang='lat' dir='ltr'>Caesare,</span> <span class='ocrx_word' id='word_1_131' title='bbox 439 1202 517 1242; x_wconf 85' lang='lat' dir='ltr'>etsi</span> <span class='ocrx_word' id='word_1_132' title='bbox 563 1204 654 1242; x_wconf 86' lang='lat' dir='ltr'>erat</span> <span class='ocrx_word' id='word_1_133' title='bbox 698 1204 847 1241; x_wconf 80' lang='lat' dir='ltr'>auctor</span> <span class='ocrx_word' id='word_1_134' title='bbox 889 1199 1144 1253; x_wconf 87' lang='lat' dir='ltr'>praecipuus</span> <span class='ocrx_word' id='word_1_135' title='bbox 1190 1198 1431 1253; x_wconf 90' lang='lat' dir='ltr'>Pompeius,</span> <span class='ocrx_word' id='word_1_136' title='bbox 1474 1198 1610 1240; x_wconf 87' lang='lat' dir='ltr'>factus</span> 
     </span>
     <span class='ocr_line' id='line_1_16' title="bbox 0 1269 1610 1353; baseline 0 -41"><span class='ocrx_word' id='word_1_137' title='bbox 0 1274 25 1353; x_wconf 48' lang='grc' dir='ltr'>ι.</span> <span class='ocrx_word' id='word_1_138' title='bbox 195 1276 284 1313; x_wconf 87' lang='lat' dir='ltr'>erat</span> <span class='ocrx_word' id='word_1_139' title='bbox 327 1271 396 1328; x_wconf 88' lang='lat' dir='ltr'>(cf.</span> <span class='ocrx_word' id='word_1_140' title='bbox 447 1273 498 1315; x_wconf 90' lang='lat' dir='ltr'>de</span> <span class='ocrx_word' id='word_1_141' title='bbox 543 1274 733 1327; x_wconf 83' lang='lat' dir='ltr'>provinc.</span> <span class='ocrx_word' id='word_1_142' title='bbox 783 1272 946 1314; x_wconf 86' lang='lat' dir='ltr'>consul.</span> <span class='ocrx_word' id='word_1_143' title='bbox 998 1272 1062 1312; x_wconf 88' lang='grc'>18.</span> <span class='ocrx_word' id='word_1_144' title='bbox 1095 1271 1170 1319; x_wconf 75' lang='lat'>43;</span> <span class='ocrx_word' id='word_1_145' title='bbox 1203 1272 1246 1311; x_wconf 91' lang='lat' dir='ltr'>in</span> <span class='ocrx_word' id='word_1_146' title='bbox 1281 1269 1368 1312; x_wconf 89' lang='lat' dir='ltr'>Pis.</span> <span class='ocrx_word' id='word_1_147' title='bbox 1403 1272 1472 1312; x_wconf 83' lang='lat'>32.</span> <span class='ocrx_word' id='word_1_148' title='bbox 1505 1270 1610 1326; x_wconf 86' lang='lat'>80.).</span> 
     </span>
     <span class='ocr_line' id='line_1_17' title="bbox 195 1342 1611 1400; baseline 0.001 -15.879"><span class='ocrx_word' id='word_1_149' title='bbox 195 1342 407 1398; x_wconf 89' lang='lat' dir='ltr'>Discidiis,</span> <span class='ocrx_word' id='word_1_150' title='bbox 441 1358 550 1399; x_wconf 90' lang='lat' dir='ltr'>quae</span> <span class='ocrx_word' id='word_1_151' title='bbox 580 1350 677 1400; x_wconf 90' lang='lat' dir='ltr'>post</span> <span class='ocrx_word' id='word_1_152' title='bbox 708 1345 894 1387; x_wconf 87' lang='lat' dir='ltr'>reditum</span> <span class='ocrx_word' id='word_1_153' title='bbox 941 1358 964 1386; x_wconf 88' lang='lat' dir='ltr'>a</span> <span class='ocrx_word' id='word_1_154' title='bbox 1012 1343 1214 1385; x_wconf 88' lang='lat' dir='ltr'>Cicerone</span> <span class='ocrx_word' id='word_1_155' title='bbox 1260 1343 1447 1398; x_wconf 87' lang='lat' dir='ltr'>profecta</span> <span class='ocrx_word' id='word_1_156' title='bbox 1479 1348 1611 1397; x_wconf 86' lang='lat' dir='ltr'>erant,</span> 
     </span>
     <span class='ocr_line' id='line_1_18' title="bbox 194 1415 1611 1472; baseline 0.001 -16"><span class='ocrx_word' id='word_1_157' title='bbox 194 1429 219 1456; x_wconf 88' lang='lat' dir='ltr'>a</span> <span class='ocrx_word' id='word_1_158' title='bbox 251 1416 321 1457; x_wconf 88' lang='grc'>56.</span> <span class='ocrx_word' id='word_1_159' title='bbox 355 1419 599 1472; x_wconf 88' lang='lat' dir='ltr'>compositis</span> <span class='ocrx_word' id='word_1_160' title='bbox 633 1431 799 1460; x_wconf 88' lang='lat' dir='ltr'>summa</span> <span class='ocrx_word' id='word_1_161' title='bbox 831 1418 1098 1458; x_wconf 83' lang='lat' dir='ltr'>familiaritas</span> <span class='ocrx_word' id='word_1_162' title='bbox 1129 1415 1456 1471; x_wconf 86' lang='lat' dir='ltr'>insequentibus</span> <span class='ocrx_word' id='word_1_163' title='bbox 1488 1417 1611 1458; x_wconf 85' lang='lat' dir='ltr'>annis</span> 
     </span>
     <span class='ocr_line' id='line_1_19' title="bbox 191 1488 1610 1542; baseline 0.001 -13"><span class='ocrx_word' id='word_1_164' title='bbox 191 1488 303 1530; x_wconf 89' lang='lat' dir='ltr'>inter</span> <span class='ocrx_word' id='word_1_165' title='bbox 334 1490 443 1531; x_wconf 80' lang='lat' dir='ltr'>duos</span> <span class='ocrx_word' id='word_1_166' title='bbox 475 1491 774 1532; x_wconf 85' lang='lat' dir='ltr'>intercedebat.</span> <span class='ocrx_word' id='word_1_167' title='bbox 808 1490 925 1540; x_wconf 79' lang='lat' dir='ltr'>Quae</span> <span class='ocrx_word' id='word_1_168' title='bbox 947 1503 1044 1531; x_wconf 89' lang='lat' dir='ltr'>cum</span> <span class='ocrx_word' id='word_1_169' title='bbox 1066 1491 1125 1530; x_wconf 88' lang='lat' dir='ltr'>ita</span> <span class='ocrx_word' id='word_1_170' title='bbox 1147 1490 1244 1542; x_wconf 89' lang='lat' dir='ltr'>sint,</span> <span class='ocrx_word' id='word_1_171' title='bbox 1272 1502 1357 1530; x_wconf 91' lang='lat' dir='ltr'>non</span> <span class='ocrx_word' id='word_1_172' title='bbox 1383 1489 1610 1531; x_wconf 88' lang='lat' dir='ltr'>verisimile</span> 
     </span>
     <span class='ocr_line' id='line_1_20' title="bbox 194 1561 1611 1605; baseline 0 -3"><span class='ocrx_word' id='word_1_173' title='bbox 194 1565 259 1602; x_wconf 88' lang='lat' dir='ltr'>est</span> <span class='ocrx_word' id='word_1_174' title='bbox 290 1575 323 1602; x_wconf 91' lang='lat' dir='ltr'>a.</span> <span class='ocrx_word' id='word_1_175' title='bbox 359 1563 425 1605; x_wconf 87' lang='grc'>55.</span> <span class='ocrx_word' id='word_1_176' title='bbox 462 1562 708 1604; x_wconf 87' lang='lat' dir='ltr'>Ciceronem</span> <span class='ocrx_word' id='word_1_177' title='bbox 743 1565 788 1604; x_wconf 89' lang='lat' dir='ltr'>in</span> <span class='ocrx_word' id='word_1_178' title='bbox 819 1564 892 1604; x_wconf 93' lang='lat' dir='ltr'>illo</span> <span class='ocrx_word' id='word_1_179' title='bbox 933 1564 1122 1604; x_wconf 87' lang='lat' dir='ltr'>carmine</span> <span class='ocrx_word' id='word_1_180' title='bbox 1155 1562 1392 1603; x_wconf 86' lang='lat' dir='ltr'>calumnias</span> <span class='ocrx_word' id='word_1_181' title='bbox 1431 1563 1476 1602; x_wconf 91' lang='lat' dir='ltr'>in</span> <span class='ocrx_word' id='word_1_182' title='bbox 1509 1561 1611 1603; x_wconf 90' lang='lat' dir='ltr'>Cae-</span> 
     </span>
     <span class='ocr_line' id='line_1_21' title="bbox 194 1635 1610 1691; baseline 0 -16"><span class='ocrx_word' id='word_1_183' title='bbox 194 1647 333 1676; x_wconf 87' lang='lat' dir='ltr'>sarem</span> <span class='ocrx_word' id='word_1_184' title='bbox 365 1638 642 1691; x_wconf 84' lang='lat' dir='ltr'>congessisse,</span> <span class='ocrx_word' id='word_1_185' title='bbox 675 1649 815 1691; x_wconf 88' lang='lat' dir='ltr'>neque</span> <span class='ocrx_word' id='word_1_186' title='bbox 849 1637 1083 1690; x_wconf 87' lang='lat' dir='ltr'>quidquam</span> <span class='ocrx_word' id='word_1_187' title='bbox 1119 1635 1267 1688; x_wconf 82' lang='lat' dir='ltr'>obstat,</span> <span class='ocrx_word' id='word_1_188' title='bbox 1300 1635 1402 1688; x_wconf 87' lang='lat' dir='ltr'>quin</span> <span class='ocrx_word' id='word_1_189' title='bbox 1436 1647 1610 1676; x_wconf 90' lang='lat' dir='ltr'>carmen</span> 
     </span>
     <span class='ocr_line' id='line_1_22' title="bbox 193 1707 1610 1764; baseline 0.001 -17"><span class='ocrx_word' id='word_1_190' title='bbox 193 1707 246 1748; x_wconf 91' lang='lat' dir='ltr'>ad</span> <span class='ocrx_word' id='word_1_191' title='bbox 293 1720 392 1749; x_wconf 88' lang='lat' dir='ltr'>eum</span> <span class='ocrx_word' id='word_1_192' title='bbox 443 1710 618 1751; x_wconf 84' lang='lat' dir='ltr'>miserit.</span> <span class='ocrx_word' id='word_1_193' title='bbox 679 1708 949 1764; x_wconf 86' lang='lat' dir='ltr'>Quamquam</span> <span class='ocrx_word' id='word_1_194' title='bbox 996 1707 1201 1749; x_wconf 86' lang='lat' dir='ltr'>confiteor</span> <span class='ocrx_word' id='word_1_195' title='bbox 1244 1709 1313 1748; x_wconf 81' lang='lat' dir='ltr'>via</span> <span class='ocrx_word' id='word_1_196' title='bbox 1360 1721 1408 1748; x_wconf 91' lang='lat' dir='ltr'>ac</span> <span class='ocrx_word' id='word_1_197' title='bbox 1445 1708 1610 1748; x_wconf 85' lang='lat' dir='ltr'>ratione</span> 
     </span>
     <span class='ocr_line' id='line_1_23' title="bbox 194 1780 1610 1837; baseline 0.001 -17"><span class='ocrx_word' id='word_1_198' title='bbox 194 1783 481 1833; x_wconf 87' lang='lat' dir='ltr'>argumentari</span> <span class='ocrx_word' id='word_1_199' title='bbox 527 1794 596 1823; x_wconf 90' lang='lat' dir='ltr'>me</span> <span class='ocrx_word' id='word_1_200' title='bbox 641 1795 726 1823; x_wconf 94' lang='lat' dir='ltr'>non</span> <span class='ocrx_word' id='word_1_201' title='bbox 779 1795 915 1837; x_wconf 80' lang='lat' dir='ltr'>posse,</span> <span class='ocrx_word' id='word_1_202' title='bbox 967 1793 1115 1822; x_wconf 87' lang='lat' dir='ltr'>omnes</span> <span class='ocrx_word' id='word_1_203' title='bbox 1166 1780 1263 1821; x_wconf 88' lang='lat' dir='ltr'>illos</span> <span class='ocrx_word' id='word_1_204' title='bbox 1314 1781 1450 1834; x_wconf 88' lang='lat' dir='ltr'>locos,</span> <span class='ocrx_word' id='word_1_205' title='bbox 1503 1793 1610 1835; x_wconf 86' lang='lat' dir='ltr'>ques</span> 
     </span>
     <span class='ocr_line' id='line_1_24' title="bbox 192 1853 1611 1910; baseline 0.001 -18"><span class='ocrx_word' id='word_1_206' title='bbox 192 1855 454 1906; x_wconf 86' lang='lat' dir='ltr'>enumeravi,</span> <span class='ocrx_word' id='word_1_207' title='bbox 486 1855 538 1896; x_wconf 87' lang='lat' dir='ltr'>ad</span> <span class='ocrx_word' id='word_1_208' title='bbox 570 1855 650 1896; x_wconf 92' lang='lat' dir='ltr'>hoc</span> <span class='ocrx_word' id='word_1_209' title='bbox 680 1868 831 1910; x_wconf 89' lang='lat' dir='ltr'>poema</span> <span class='ocrx_word' id='word_1_210' title='bbox 863 1868 955 1896; x_wconf 89' lang='lat' dir='ltr'>esse</span> <span class='ocrx_word' id='word_1_211' title='bbox 993 1853 1269 1906; x_wconf 84' lang='lat' dir='ltr'>revocandos,</span> <span class='ocrx_word' id='word_1_212' title='bbox 1307 1867 1404 1894; x_wconf 90' lang='lat' dir='ltr'>cum</span> <span class='ocrx_word' id='word_1_213' title='bbox 1440 1866 1462 1895; x_wconf 90' lang='lat' dir='ltr'>e</span> <span class='ocrx_word' id='word_1_214' title='bbox 1493 1858 1611 1908; x_wconf 86' lang='lat' dir='ltr'>parte</span> 
     </span>
     <span class='ocr_line' id='line_1_25' title="bbox 194 1925 1611 1982; baseline 0.001 -16"><span class='ocrx_word' id='word_1_215' title='bbox 194 1925 280 1966; x_wconf 85' lang='lat' dir='ltr'>sint</span> <span class='ocrx_word' id='word_1_216' title='bbox 326 1929 460 1968; x_wconf 86' lang='lat' dir='ltr'>tectae</span> <span class='ocrx_word' id='word_1_217' title='bbox 505 1931 671 1968; x_wconf 85' lang='lat' dir='ltr'>tantum</span> <span class='ocrx_word' id='word_1_218' title='bbox 718 1927 1063 1982; x_wconf 84' lang='lat' dir='ltr'>significationes,</span> <span class='ocrx_word' id='word_1_219' title='bbox 1110 1927 1181 1968; x_wconf 89' lang='lat' dir='ltr'>sed</span> <span class='ocrx_word' id='word_1_220' title='bbox 1231 1931 1370 1968; x_wconf 85' lang='lat' dir='ltr'>tamen</span> <span class='ocrx_word' id='word_1_221' title='bbox 1419 1927 1464 1967; x_wconf 91' lang='lat' dir='ltr'>id</span> <span class='ocrx_word' id='word_1_222' title='bbox 1506 1927 1611 1968; x_wconf 91' lang='lat' dir='ltr'>mihi</span> 
     </span>
     <span class='ocr_line' id='line_1_26' title="bbox 195 1998 1612 2054; baseline 0.001 -16"><span class='ocrx_word' id='word_1_223' title='bbox 195 1998 556 2041; x_wconf 84' lang='lat' dir='ltr'>verisimillimum</span> <span class='ocrx_word' id='word_1_224' title='bbox 589 2000 1027 2054; x_wconf 86' lang='lat' dir='ltr'>probabillimumque</span> <span class='ocrx_word' id='word_1_225' title='bbox 1060 2012 1153 2041; x_wconf 90' lang='lat' dir='ltr'>esse</span> <span class='ocrx_word' id='word_1_226' title='bbox 1186 1999 1367 2050; x_wconf 72' lang='lat' dir='ltr'>videtur,</span> <span class='ocrx_word' id='word_1_227' title='bbox 1402 1999 1517 2054; x_wconf 87' lang='lat' dir='ltr'>quod</span> <span class='ocrx_word' id='word_1_228' title='bbox 1549 2003 1612 2040; x_wconf 88' lang='lat' dir='ltr'>est</span> 
     </span>
     <span class='ocr_line' id='line_1_27' title="bbox 193 2071 1611 2126; baseline 0.003 -16"><span class='ocrx_word' id='word_1_229' title='bbox 193 2071 570 2126; x_wconf 87' lang='lat' dir='ltr'>simplicissimum.</span> <span class='ocrx_word' id='word_1_230' title='bbox 648 2072 692 2114; x_wconf 85' lang='lat' dir='ltr'>Si</span> <span class='ocrx_word' id='word_1_231' title='bbox 739 2071 1042 2114; x_wconf 88' lang='lat' dir='ltr'>Drumannum</span> <span class='ocrx_word' id='word_1_232' title='bbox 1093 2074 1228 2114; x_wconf 79' lang='lat' dir='ltr'>secuti</span> <span class='ocrx_word' id='word_1_233' title='bbox 1273 2072 1395 2113; x_wconf 85' lang='lat' dir='ltr'>aliter</span> <span class='ocrx_word' id='word_1_234' title='bbox 1427 2072 1479 2113; x_wconf 89' lang='lat' dir='ltr'>de</span> <span class='ocrx_word' id='word_1_235' title='bbox 1525 2072 1611 2114; x_wconf 86' lang='lat' dir='ltr'>illis</span> 
     </span>
     <span class='ocr_line' id='line_1_28' title="bbox 192 2142 1612 2200; baseline 0.001 -16"><span class='ocrx_word' id='word_1_236' title='bbox 192 2142 296 2184; x_wconf 89' lang='lat' dir='ltr'>locis</span> <span class='ocrx_word' id='word_1_237' title='bbox 343 2145 603 2198; x_wconf 87' lang='lat' dir='ltr'>iudicamus,</span> <span class='ocrx_word' id='word_1_238' title='bbox 652 2146 846 2199; x_wconf 83' lang='lat' dir='ltr'>cogimur</span> <span class='ocrx_word' id='word_1_239' title='bbox 893 2145 974 2186; x_wconf 86' lang='lat' dir='ltr'>alia</span> <span class='ocrx_word' id='word_1_240' title='bbox 1022 2147 1212 2186; x_wconf 87' lang='lat' dir='ltr'>carmina</span> <span class='ocrx_word' id='word_1_241' title='bbox 1258 2145 1515 2200; x_wconf 86' lang='lat' dir='ltr'>intelligere,</span> <span class='ocrx_word' id='word_1_242' title='bbox 1560 2145 1612 2187; x_wconf 84' lang='lat' dir='ltr'>de</span> 
     </span>
     <span class='ocr_line' id='line_1_29' title="bbox 195 2216 1326 2271; baseline 0.002 -14"><span class='ocrx_word' id='word_1_243' title='bbox 195 2216 352 2271; x_wconf 90' lang='lat' dir='ltr'>quibus</span> <span class='ocrx_word' id='word_1_244' title='bbox 384 2217 503 2258; x_wconf 83' lang='lat' dir='ltr'>nullo</span> <span class='ocrx_word' id='word_1_245' title='bbox 536 2217 616 2259; x_wconf 88' lang='lat' dir='ltr'>alio</span> <span class='ocrx_word' id='word_1_246' title='bbox 648 2218 740 2259; x_wconf 87' lang='lat' dir='ltr'>loco</span> <span class='ocrx_word' id='word_1_247' title='bbox 772 2218 1062 2260; x_wconf 87' lang='lat' dir='ltr'>testimonium</span> <span class='ocrx_word' id='word_1_248' title='bbox 1095 2219 1326 2260; x_wconf 88' lang='lat' dir='ltr'>invenitur.</span> 
     </span>
     <span class='ocr_line' id='line_1_30' title="bbox 334 2288 1612 2346; baseline 0.002 -16"><span class='ocrx_word' id='word_1_249' title='bbox 334 2288 610 2344; x_wconf 81' lang='lat' dir='ltr'>Suringarius</span> <span class='ocrx_word' id='word_1_250' title='bbox 641 2289 726 2345; x_wconf 88' lang='lat' dir='ltr'>(,de</span> <span class='ocrx_word' id='word_1_251' title='bbox 758 2290 961 2332; x_wconf 84' lang='lat' dir='ltr'>Romanis</span> <span class='ocrx_word' id='word_1_252' title='bbox 983 2290 1338 2345; x_wconf 76' lang='lat' dir='ltr'>autobiographis‘</span> <span class='ocrx_word' id='word_1_253' title='bbox 1361 2290 1496 2346; x_wconf 87' lang='lat' dir='ltr'>Lugd.</span> <span class='ocrx_word' id='word_1_254' title='bbox 1519 2291 1612 2332; x_wconf 88' lang='lat' dir='ltr'>Bat.</span> 
     </span>
     <span class='ocr_line' id='line_1_31' title="bbox 195 2361 1612 2420; baseline 0.002 -18"><span class='ocrx_word' id='word_1_255' title='bbox 195 2361 321 2404; x_wconf 84' lang='lat'>1846.</span> <span class='ocrx_word' id='word_1_256' title='bbox 347 2375 486 2417; x_wconf 84' lang='lat' dir='ltr'>progr.</span> <span class='ocrx_word' id='word_1_257' title='bbox 508 2376 656 2417; x_wconf 85' lang='lat' dir='ltr'>gymn.</span> <span class='ocrx_word' id='word_1_258' title='bbox 677 2377 717 2418; x_wconf 90' lang='lat' dir='ltr'>p.</span> <span class='ocrx_word' id='word_1_259' title='bbox 741 2362 827 2420; x_wconf 82' lang='lat'>27.)</span> <span class='ocrx_word' id='word_1_260' title='bbox 850 2367 970 2419; x_wconf 85' lang='lat' dir='ltr'>putat</span> <span class='ocrx_word' id='word_1_261' title='bbox 993 2376 1168 2405; x_wconf 86' lang='lat' dir='ltr'>carmen</span> <span class='ocrx_word' id='word_1_262' title='bbox 1193 2364 1244 2405; x_wconf 88' lang='lat' dir='ltr'>de</span> <span class='ocrx_word' id='word_1_263' title='bbox 1266 2364 1544 2418; x_wconf 79' lang='lat' dir='ltr'>temporibus,</span> <span class='ocrx_word' id='word_1_264' title='bbox 1575 2365 1612 2405; x_wconf 87' lang='lat' dir='ltr'>si</span> 
     </span>
     <span class='ocr_line' id='line_1_32' title="bbox 194 2434 1613 2490; baseline 0.001 -15"><span class='ocrx_word' id='word_1_265' title='bbox 194 2447 401 2489; x_wconf 88' lang='lat' dir='ltr'>umquam</span> <span class='ocrx_word' id='word_1_266' title='bbox 434 2448 457 2476; x_wconf 94' lang='lat' dir='ltr'>a</span> <span class='ocrx_word' id='word_1_267' title='bbox 488 2434 689 2478; x_wconf 89' lang='lat' dir='ltr'>Cicerone</span> <span class='ocrx_word' id='word_1_268' title='bbox 719 2437 766 2478; x_wconf 89' lang='lat' dir='ltr'>in</span> <span class='ocrx_word' id='word_1_269' title='bbox 797 2437 936 2478; x_wconf 83' lang='lat' dir='ltr'>lucem</span> <span class='ocrx_word' id='word_1_270' title='bbox 971 2436 1130 2478; x_wconf 86' lang='lat' dir='ltr'>editum</span> <span class='ocrx_word' id='word_1_271' title='bbox 1164 2437 1228 2490; x_wconf 83' lang='lat' dir='ltr'>sit,</span> <span class='ocrx_word' id='word_1_272' title='bbox 1261 2439 1374 2478; x_wconf 84' lang='lat' dir='ltr'>certe</span> <span class='ocrx_word' id='word_1_273' title='bbox 1405 2449 1492 2477; x_wconf 89' lang='lat' dir='ltr'>non</span> <span class='ocrx_word' id='word_1_274' title='bbox 1525 2436 1613 2476; x_wconf 89' lang='lat' dir='ltr'>vol-</span> 
     </span>
    </p>
   </div>
   <div class='ocr_carea' id='block_1_3' title="bbox 191 2507 1612 2709">
    <p class='ocr_par' dir='ltr' id='par_1_3' title="bbox 191 2507 1612 2709">
     <span class='ocr_line' id='line_1_33' title="bbox 191 2507 1612 2563; baseline 0 -14"><span class='ocrx_word' id='word_1_275' title='bbox 191 2511 340 2562; x_wconf 85' lang='lat' dir='ltr'>gatum</span> <span class='ocrx_word' id='word_1_276' title='bbox 371 2520 464 2550; x_wconf 88' lang='lat' dir='ltr'>esse</span> <span class='ocrx_word' id='word_1_277' title='bbox 496 2510 579 2550; x_wconf 89' lang='lat' dir='ltr'>nisi</span> <span class='ocrx_word' id='word_1_278' title='bbox 611 2512 707 2563; x_wconf 86' lang='lat' dir='ltr'>post</span> <span class='ocrx_word' id='word_1_279' title='bbox 738 2512 918 2550; x_wconf 88' lang='lat' dir='ltr'>mortem</span> <span class='ocrx_word' id='word_1_280' title='bbox 951 2507 1156 2562; x_wconf 86' lang='lat' dir='ltr'>Caesaris,</span> <span class='ocrx_word' id='word_1_281' title='bbox 1186 2510 1214 2550; x_wconf 91' lang='lat' dir='ltr'>i.</span> <span class='ocrx_word' id='word_1_282' title='bbox 1247 2522 1282 2550; x_wconf 91' lang='lat' dir='ltr'>e.</span> <span class='ocrx_word' id='word_1_283' title='bbox 1318 2523 1351 2550; x_wconf 91' lang='lat' dir='ltr'>a.</span> <span class='ocrx_word' id='word_1_284' title='bbox 1385 2510 1468 2563; x_wconf 64' lang='lat'>44,</span> <span class='ocrx_word' id='word_1_285' title='bbox 1511 2522 1612 2550; x_wconf 86' lang='lat' dir='ltr'>cum</span> 
     </span>
     <span class='ocr_line' id='line_1_34' title="bbox 192 2579 1608 2637; baseline 0.001 -16"><span class='ocrx_word' id='word_1_286' title='bbox 192 2580 352 2622; x_wconf 86' lang='lat' dir='ltr'>librum</span> <span class='ocrx_word' id='word_1_287' title='bbox 385 2582 599 2636; x_wconf 88' lang='lat' dir='ltr'>quendam</span> <span class='ocrx_word' id='word_1_288' title='bbox 643 2582 896 2623; x_wconf 89' lang='lat' dir='ltr'>anecdotum</span> <span class='ocrx_word' id='word_1_289' title='bbox 930 2581 997 2637; x_wconf 88' lang='lat' dir='ltr'>(cf.</span> <span class='ocrx_word' id='word_1_290' title='bbox 1038 2582 1090 2622; x_wconf 89' lang='lat' dir='ltr'>ad</span> <span class='ocrx_word' id='word_1_291' title='bbox 1122 2582 1210 2624; x_wconf 87' lang='lat' dir='ltr'>Att.</span> <span class='ocrx_word' id='word_1_292' title='bbox 1245 2581 1299 2622; x_wconf 91' lang='grc' dir='ltr'>Π.</span> <span class='ocrx_word' id='word_1_293' title='bbox 1334 2581 1373 2622; x_wconf 88' lang='grc'>6.</span> <span class='ocrx_word' id='word_1_294' title='bbox 1408 2583 1452 2635; x_wconf 86' lang='grc'>2;</span> <span class='ocrx_word' id='word_1_295' title='bbox 1486 2579 1608 2623; x_wconf 88' lang='lat' dir='ltr'>XIV.</span> 
     </span>
     <span class='ocr_line' id='line_1_35' title="bbox 195 2653 1611 2709; baseline 0 -17"><span class='ocrx_word' id='word_1_296' title='bbox 195 2654 260 2701; x_wconf 79' lang='grc'>14.</span> <span class='ocrx_word' id='word_1_297' title='bbox 296 2654 339 2709; x_wconf 78' lang='lat'>53</span> <span class='ocrx_word' id='word_1_298' title='bbox 374 2654 440 2696; x_wconf 87' lang='lat'>17.</span> <span class='ocrx_word' id='word_1_299' title='bbox 466 2654 513 2709; x_wconf 79' lang='lat'>63</span> <span class='ocrx_word' id='word_1_300' title='bbox 547 2653 644 2696; x_wconf 90' lang='lat' dir='ltr'>XV.</span> <span class='ocrx_word' id='word_1_301' title='bbox 681 2655 716 2695; x_wconf 78' lang='lat'>2.</span> <span class='ocrx_word' id='word_1_302' title='bbox 751 2656 796 2707; x_wconf 78' lang='lat'>23</span> <span class='ocrx_word' id='word_1_303' title='bbox 831 2656 870 2697; x_wconf 82' lang='lat'>4.</span> <span class='ocrx_word' id='word_1_304' title='bbox 897 2655 940 2707; x_wconf 78' lang='lat'>33</span> <span class='ocrx_word' id='word_1_305' title='bbox 977 2655 1042 2696; x_wconf 88' lang='grc'>13.</span> <span class='ocrx_word' id='word_1_306' title='bbox 1067 2655 1110 2708; x_wconf 82' lang='lat'>33</span> <span class='ocrx_word' id='word_1_307' title='bbox 1145 2654 1212 2696; x_wconf 82' lang='lat'>27.</span> <span class='ocrx_word' id='word_1_308' title='bbox 1249 2655 1294 2706; x_wconf 82' lang='lat'>23</span> <span class='ocrx_word' id='word_1_309' title='bbox 1327 2653 1446 2696; x_wconf 90' lang='lat' dir='ltr'>XVI.</span> <span class='ocrx_word' id='word_1_310' title='bbox 1480 2655 1516 2694; x_wconf 78' lang='grc'>2.</span> <span class='ocrx_word' id='word_1_311' title='bbox 1551 2653 1611 2706; x_wconf 84' lang='grc'>6.)</span> 
     </span>
    </p>
   </div>
   <div class='ocr_carea' id='block_1_4' title="bbox 0 0 108 404">
    <p class='ocr_par' dir='ltr' id='par_1_4' title="bbox 0 0 108 404">
     <span class='ocr_line' id='line_1_36' title="bbox 0 0 108 404; baseline 0 2568"><span class='ocrx_word' id='word_1_312' title='bbox 0 0 108 404; x_wconf 95' lang='lat' dir='ltr'> </span> 
     </span>
    </p>
   </div>
   <div class='ocr_carea' id='block_1_5' title="bbox 0 1590 155 2972">
    <p class='ocr_par' dir='ltr' id='par_1_5' title="bbox 0 1590 155 2972">
     <span class='ocr_line' id='line_1_37' title="bbox 0 1590 155 2972; baseline 0 0"><span class='ocrx_word' id='word_1_313' title='bbox 0 1590 155 2972; x_wconf 95' lang='lat' dir='ltr'> </span> 
     </span>
    </p>
   </div>
  </div>
 </body>
</html>
