1813 2972
795 124 819 163 5

100 240 270 296 scripta‘
301 241 347 281 in
381 239 651 281 Onomastico
687 227 883 281 Tulliano
931 237 982 279 ab
1016 236 1172 278 Orellio
1221 237 1333 277 edito
1380 236 1427 278 P.
1477 235 1510 276 Ι.

101 312 160 369 (v.
194 312 287 366 VI.)
319 326 357 366 p.
394 313 460 355 11.
493 313 703 355 Bachrius
741 313 783 364 (l.
822 324 855 352 c.
886 324 925 351 v.
956 309 988 350 Ι.
1021 322 1058 362 p.
1090 307 1212 361 438.)
1260 307 1510 349 Leutscliius

102 384 322 429 (Zeitschr.
369 384 438 426 fiir
483 382 967 427 Altertumswissensch.
1034 382 1159 422 1834.
1195 394 1234 434 p.
1286 378 1379 419 162.
1413 380 1509 421 adn.

105 456 185 509 17.)
207 457 428 499 Heusdius
460 459 505 511 (1.
541 470 575 499 c.
608 471 648 511 p.
681 456 746 497 28.
785 452 872 509 29.)
907 454 1029 502 Quod
1062 456 1206 494 contra
1240 464 1386 493 eorum
1420 464 1512 491 sen-

100 531 276 571 tentiam
325 530 516 572 Nobbius
564 528 668 584 (Cic.
712 527 775 568 ed.
824 526 919 568 Or.²
951 540 990 569 v,
1023 525 1098 567 IV.
1134 539 1171 580 p.
1206 524 1351 577 1053.)
1401 523 1512 571 dicit,

102 603 304 655 Aeschyli
356 603 500 643 drama
562 613 648 641 non
703 600 893 649 Γλαῦκος
944 596 1143 649 Πόνῑιος,
1197 597 1271 639 sed
1326 601 1364 638 Γ
1362 595 1515 646 λοιῦκο,ἱ

101 672 312 726 Ποτνιεύς
342 674 410 715 vel
440 670 630 723 Πότνιος
660 674 913 727 inscriptum
936 672 1082 724 fuisse,
1114 671 1277 712 nullius
1309 670 1514 711 momenti

103 752 179 802 est,
209 761 307 789 cuin
338 747 424 788 iam
457 759 481 786 a
513 746 664 787 Paullo
697 745 914 799 Leopardo
937 745 1181 801 (emendatt.
1214 743 1291 784 XI.
1325 744 1394 784 24.
1430 743 1513 792 25.)

104 825 146 863 et
175 824 271 875 post
302 820 473 873 saepius
505 832 529 859 a
560 819 663 860 viris
695 819 829 860 doctis
862 819 1101 873 expositum
1143 818 1209 869 sit,
1247 814 1515 869 Aeschylum

62 896 85 924 ⁴
102 892 212 933 duas
234 892 346 932 inter
369 905 413 933 se
437 892 627 933 diversas
648 891 814 933 fabulas
840 892 1029 941 Γλαῦκος
1049 887 1240 940 Πόντιος
1261 892 1302 930 et
1333 892 1366 929 Γ
1363 887 1516 936 statuo„—

102 961 313 1015 Hormci'tg
364 966 664 1018 composuisse.
743 966 944 1006 Attamen
991 977 1074 1005 non
1127 967 1245 1017 puto,
1302 960 1516 1002 Ciceronis

103 1035 310 1078 Pontium
329 1037 541 1078 Glaucum
559 1050 727 1078 carmen
744 1038 960 1078 scenicum
977 1037 1028 1078 ad
1047 1035 1252 1088 Aeschyli
1271 1032 1515 1087 exemplum

102 1111 382 1163 compositum
416 1123 521 1153 esse.
584 1110 663 1151 Vel
697 1109 954 1150 vocabulum
980 1105 1251 1164 ποιημάτιον
1274 1119 1358 1160 quo
1383 1106 1518 1146 utitur

102 1180 362 1223 Plutarchus
406 1183 572 1224 obstare
616 1181 721 1223 mihi
770 1182 948 1226 videtur.
1026 1181 1115 1222 Nec
1165 1179 1395 1221 verisimile
1443 1180 1516 1228 est,

103 1267 288 1308 puerum
322 1254 568 1296 Ciceronem
603 1268 700 1296 eum
723 1256 864 1309 ipsum
889 1258 1068 1309 poetam,
1102 1254 1287 1308 quierat
1319 1250 1517 1292 difficilli-

103 1339 200 1368 mus
231 1327 463 1379 intellectu,
496 1328 751 1369 imitandum
777 1327 857 1369 sibi
878 1328 1160 1382 proposuisse.
1217 1325 1323 1366 Mihi
1346 1323 1517 1378 quidem

102 1401 246 1454 potius
277 1400 462 1462 lyricum
494 1413 644 1454 poema
675 1401 852 1442 minoris
878 1400 1174 1455 amplitudinis
1197 1399 1327 1439 fuisse
1350 1396 1520 1437 videtur

103 1476 145 1514 et
176 1473 229 1513 ad
260 1477 406 1527 poetas
424 1473 740 1514 Alexandrinos
772 1474 1074 1514 revocandum.
1129 1471 1214 1521 Qui
1241 1483 1370 1526 quam
1393 1481 1519 1523 saepe

105 1550 148 1588 et
194 1559 322 1600 quam
366 1545 549 1587 libenter
593 1546 717 1587 illum
760 1547 958 1599 mythum
1002 1545 1200 1587 versibus
1233 1543 1519 1593 tractaverint,

104 1619 359 1672 intelligitur
405 1631 460 1660 ex
506 1619 729 1660 Athenaeo
777 1619 861 1672 (ed.
908 1617 1148 1673 Schweigh.
1180 1619 1208 1658 l.
1240 1616 1337 1658 VII.
1371 1629 1407 1656 v,
1440 1614 1520 1655 ΠΙ.

106 1704 147 1745 p.
182 1690 249 1731 81.
282 1689 404 1746 sqq.),
437 1693 511 1745 qui
543 1692 656 1733 haud
690 1694 749 1733 ita
780 1705 940 1746 paucos
972 1696 1118 1746 poetas
1152 1692 1386 1731 enumerat.

249 1762 313 1805 De
344 1768 603 1818 argumento,
635 1777 734 1806 cum
766 1778 916 1806 versus
948 1777 1035 1805 non
1059 1766 1240 1815 exstent,
1272 1762 1402 1804 statui
1433 1773 1520 1801 non

105 1839 255 1890 potest,
287 1839 431 1877 utrum
465 1836 609 1878 Cicero
634 1837 845 1892 quomodo
881 1836 1069 1878 Glaucus
1095 1835 1225 1877 herba
1256 1835 1330 1876 illa
1354 1846 1522 1875 comesa

107 1909 154 1948 in
187 1907 315 1949 deum
347 1910 562 1950 marinum
596 1914 786 1951 mutatus
812 1912 862 1951 sit
893 1910 1131 1950 narraverit
1155 1922 1208 1949 an
1226 1921 1361 1949 unum
1387 1919 1521 1961 quen-

110 1980 208 2021 dam
239 1993 293 2022 ex
336 1981 482 2023 multis
526 1982 614 2023 illis
659 1982 888 2036 amoribus,
937 1981 1093 2036 quibus
1125 1980 1522 2022 Alexandrinorum

109 2057 243 2094 aetate
274 2053 462 2096 famosus
494 2060 583 2096 erat
615 2055 685 2112 (cf.
717 2056 875 2097 Athen.
907 2056 933 2097 l.
969 2053 1038 2109 c.).

252 2126 349 2168 Uno
401 2131 568 2169 tantum
615 2130 856 2170 testimonio
910 2128 1044 2182 elegia
1092 2140 1262 2181 quoque
1316 2125 1523 2180 quaedam
1602 2138 1627 2163 21

109 2198 336 2252 Ciceronis,
369 2201 492 2242 cuius
522 2214 681 2243 nomen
713 2202 906 2242 nonduin
941 2200 1216 2255 probabiliter
1247 2202 1416 2241 erutum
1450 2201 1524 2248 est,

109 2272 299 2312 traditur.
377 2272 551 2315 Servius
583 2276 698 2315 enim
730 2275 783 2315 ad
814 2274 942 2329 Verg.
973 2273 1122 2315 Bucol.
1154 2273 1188 2314 I.
1225 2271 1293 2314 58.
1328 2272 1522 2312 adnotat:

109 2345 345 2398 ,palumbes
366 2348 385 2399 s
407 2346 647 2401 columbae,
687 2361 794 2401 quas
839 2347 990 2401 volgus
1032 2350 1136 2388 tetas
1180 2348 1320 2386 vocat:
1360 2347 1401 2385 et
1439 2355 1527 2384 non

112 2416 312 2459 dicuntur
342 2417 506 2472 Latine,
536 2420 610 2460 sed
643 2420 874 2461 multorum
907 2421 1134 2461 auctoritas
1166 2417 1370 2459 Latinum
1412 2416 1522 2465 facit,

114 2486 256 2530 Cicero
287 2491 332 2531 in
365 2491 504 2546 elegia
536 2505 644 2546 quae
675 2492 706 2546 ἦ·
736 2491 1001 2534 Taleamasta
1032 2491 1305 2532 inscribitur:

255 2563 348 2615 ,iam
392 2577 507 2606 mare
543 2564 813 2618 Tyrrhenum
845 2564 972 2618 longe
1009 2565 1269 2618 penitusque
1307 2561 1528 2617 palumbes

253 2633 468 2690 relliquit.‘
872 2634 875 2637 ’

1631 2138 1690 2169 egia

1538 2173 1556 2203 †
1563 2174 1708 2200 Taleamas
1741 2189 1752 2199 .
