1813 2972
866 139 919 179 53

187 257 248 298 sic
279 255 541 310 loquantur.
560 288 570 298 .
590 288 599 298 .
619 255 651 298 .‘
714 255 818 297 Illos
850 268 1000 297 versus
1033 258 1186 307 autem,
1219 258 1266 295 ut
1298 255 1460 297 Gellius
1488 260 1600 298 recte

186 331 342 381 monet,
374 341 460 369 non
492 329 618 381 Aiax,
665 329 738 370 sed
781 328 941 370 Hector
983 328 1175 382 loquitur
1205 339 1345 381 neque
1378 332 1469 368 tum
1502 342 1597 369 cum

185 401 237 443 ad
270 401 603 456 depugnandum
631 414 728 442 cum
743 401 874 442 Aiace
896 400 1182 454 congreditur,
1205 400 1278 440 sed
1301 412 1398 440 cum
1417 400 1600 441 Graecos

186 474 391 527 hortatur,
425 478 471 516 ut
503 474 714 528 quendam
749 473 803 514 ad
835 472 1168 527 depugnandum
1200 472 1280 514 sibi
1314 477 1596 526 opponerent:

186 559 327 601 neque
360 547 411 588 de
442 547 601 599 Aiacis,
645 545 720 586 sed
768 545 818 587 de
865 546 959 587 cius
1003 546 1169 586 tumulo
1215 546 1366 599 agitur,
1415 558 1601 598 quocum

184 619 346 661 Hector
376 631 687 674 congressurus
720 622 800 659 est:
835 618 1011 660 Aiacem
1045 632 1143 660 euin
1176 631 1280 671 esse,
1312 622 1406 672 post
1428 618 1599 659 demum

185 697 297 734 sorte
344 693 598 734 decernitur.
666 691 871 733 Similiter
903 691 1048 733 Cicero
1088 691 1254 733 duobus
1293 690 1388 732 aliis
1427 703 1481 731 ex
1512 690 1600 731 Ho-

184 778 300 807 mero
339 765 518 818 sumptis
555 764 660 806 locis
699 769 810 806 errat
843 765 893 806 de
925 778 1108 819 persona
1151 765 1370 819 loquente.
1437 763 1599 805 Versus

184 839 294 880 enim
329 837 380 879 de
412 838 493 878 div,
538 837 590 880 II.
626 839 692 879 30.
732 839 799 880 63.
851 838 998 880 allatos
1047 837 1120 893 (=
1160 837 1208 879 Il.
1241 837 1294 878 ΙΙ.
1329 834 1598 892 299-330.)

184 923 269 952 non
301 911 611 965 Agamemnon,
643 912 716 953 sed
749 911 914 963 Ulixes,
947 916 987 953 et
1020 924 1190 952 versum
1222 911 1323 952 ibid.
1357 910 1410 950 ΙΙ.
1435 910 1501 950 39.
1529 909 1597 950 82.

183 981 258 1040 (=
290 982 344 1025 ΙΙ.
377 984 453 1026 ΙΧ.
492 985 602 1037 236.)
648 985 833 1039 positum
881 998 967 1026 non
1014 985 1141 1038 Aiax,
1188 984 1263 1025 sed
1300 983 1413 1024 idem
1445 982 1600 1024 Ulixes

183 1057 298 1112 apud
337 1056 568 1099 Homerum
602 1057 712 1098 dicit.
746 1081 803 1087 —

324 1171 422 1213 Non
470 1174 816 1228 praetermittam,
865 1173 1068 1227 quosdam
1118 1185 1269 1214 versus
1310 1184 1364 1212 ex
1398 1170 1599 1212 Cleanthe

183 1246 317 1286 stoico
352 1245 512 1286 Graeco
546 1259 785 1298 conversos,
821 1247 894 1300 qui
927 1245 1040 1300 apud
1073 1245 1278 1287 Senecam
1312 1256 1376 1298 ep.
1403 1243 1501 1284 107.
1533 1244 1599 1283 in-

183 1319 736 1369 veniuntur,aBurmanno
770 1318 902 1373 (anth.
936 1318 1022 1360 Lat.
1055 1323 1157 1359 tom.
1189 1317 1227 1359 Ι.
1258 1331 1297 1372 p.
1333 1317 1430 1358 605,
1462 1317 1488 1357 1.
1521 1316 1597 1357 III.

181 1403 244 1446 ep.
297 1392 407 1443 157.)
453 1390 648 1433 Ciceroni
694 1392 878 1433 attribui.
957 1392 1117 1434 Seneca
1155 1391 1267 1432 enini
1307 1390 1332 1430 l.
1365 1403 1398 1431 c.
1431 1389 1596 1431 scribit:

181 1468 235 1517 ,et
266 1465 328 1506 sic
359 1465 642 1519 adloquamur
674 1466 835 1515 Iovem,
877 1466 998 1506 cuius
1029 1464 1321 1519 gubernaculo
1355 1463 1487 1504 moles
1519 1464 1599 1503 ista

181 1537 391 1592 dirigitur,
424 1538 783 1592 quemadmodum
803 1538 1027 1579 Cleanthes
1059 1540 1204 1579 noster
1239 1536 1434 1577 versibus
1467 1528 1599 1577 diser-

179 1611 356 1652 tissimis
405 1611 664 1665 adloquitur,
711 1624 819 1666 quos
867 1612 971 1651 mihi
1018 1612 1062 1651 in
1116 1615 1311 1651 nostrum
1357 1621 1597 1650 sermonem

182 1689 347 1725 mutare
377 1685 636 1738 permittitur
669 1683 898 1737 Ciceronis,
939 1684 1205 1725 disertissimi
1249 1683 1342 1735 viri,
1387 1681 1596 1735 exemplo.

183 1756 228 1798 Si
259 1757 509 1811 placuerint,
545 1757 643 1798 boni
676 1757 888 1798 consules.
953 1757 998 1798 Si
1041 1756 1345 1810 displicuerint,
1390 1755 1498 1796 scies
1531 1766 1599 1795 me

181 1831 226 1870 in
258 1831 337 1871 hoc
369 1834 564 1872 secutum
591 1830 806 1872 Ciceronis
840 1830 1099 1884 exemplum.

329 1914 437 1969 ,Duc
469 1930 535 1958 me
567 1930 719 1971 parens
752 1917 942 1972 celsique
974 1917 1213 1958 dominator
1243 1915 1341 1969 poli,

331 2001 605 2044 quocumque
635 1991 806 2045 placuit,
836 1990 953 2031 nulla
984 1990 1162 2045 parendi
1194 2002 1314 2030 mora
1346 1990 1418 2028 est.

331 2060 497 2104 Adsum
530 2064 723 2118 impiger.
785 2064 870 2105 Fac
892 2064 1005 2105 nolle
1028 2062 1262 2104 comitabor
1284 2074 1461 2115 gemens

333 2134 559 2190 malusque
590 2138 737 2190 patiar,
769 2137 909 2178 facere
943 2137 1058 2191 quod
1088 2137 1212 2177 licuit
1244 2135 1372 2176 bono:

332 2206 496 2249 ducunt
527 2209 741 2251 volentem
772 2210 872 2263 fata,
903 2211 1120 2252 nolentem
1151 2207 1351 2250 trahunt}

181 2291 366 2346 (Versus
389 2293 602 2337 Cleanthis
632 2298 767 2350 ipsius
798 2299 954 2338 servati
988 2301 1090 2339 sunt
1122 2296 1174 2338 ab
1207 2296 1392 2336 Arriano
1424 2295 1468 2335 in
1497 2293 1598 2348 Epi-

181 2367 281 2407 cteti
319 2368 554 2409 enchiridio
595 2381 630 2410 c.
666 2371 764 2423 53.)
837 2370 912 2412 Sin
945 2375 1087 2412 autem
1129 2370 1203 2411 illa
1249 2369 1433 2410 Senecae
1466 2366 1596 2408 verba

181 2439 306 2492 paulo
339 2443 579 2483 accuratius
610 2443 820 2497 inspicies,
843 2444 1072 2498 apparebit,
1093 2456 1246 2484 versus
1264 2455 1350 2482 non
1369 2440 1596 2493 Ciceronis,

183 2514 233 2552 ut
264 2512 540 2556 Burmannus
574 2515 676 2569 vult,
709 2516 780 2557 sed
813 2516 999 2558 Senecae
1030 2511 1165 2571 ipsius
1188 2527 1295 2557 esse.
1356 2513 1406 2554 Id
1429 2516 1596 2554 tantum

183 2596 239 2625 ex
270 2585 343 2626 illo
379 2587 472 2628 loco
509 2592 635 2642 patet,
683 2588 945 2642 Ciceronem,
979 2594 1020 2632 et
1062 2591 1203 2643 ipsum
1242 2587 1338 2628 illos
1378 2585 1595 2627 Cleanthis

181 2669 332 2699 versus
363 2661 506 2702 nescio
539 2674 624 2716 quo
656 2661 751 2703 loco
781 2661 929 2704 Latine
962 2663 1234 2718 expressisse.
