1813 2972
859 144 913 184 52

179 273 308 314 quam
339 260 469 302 huius
514 261 577 302 rei
609 260 816 302 disertum
862 262 1155 303 testimonium
1191 277 1409 318 nusquam
1447 279 1596 307 occur-

177 334 244 375 rit.
307 332 450 374 Verba
479 333 551 374 illa
585 333 636 374 de
669 333 752 374 div.
783 333 842 375 ΙΙ.
876 334 942 375 30.
977 334 1046 376 63.
1091 335 1165 386 ,sic
1195 336 1309 390 apud
1341 336 1592 392 Homerum,

177 408 227 447 ut
257 418 336 447 nos
368 406 492 447 otiosi
523 407 814 448 convertimus
849 439 859 448 .
893 439 903 448 .
936 406 962 448 ,³
997 407 1048 449 de
1078 407 1152 448 fin.
1186 406 1237 448 V.
1272 408 1340 451 18.
1372 410 1441 450 49.
1480 423 1592 461 ,nam

175 479 284 519 verti
317 479 526 532 quaedam
557 478 748 532 Homeri,
785 480 847 520 sic
879 511 889 521 .
924 512 932 520 .
966 514 973 522 .
1009 479 1032 521 .‘
1073 480 1303 521 ostendunt
1339 480 1384 520 id
1414 483 1594 541 tantum,

174 551 270 592 illos
301 551 416 592 locos
449 563 545 591 eum
594 549 812 604 aliquanto
845 555 1074 607 antequam
1114 553 1212 594 illos
1243 553 1374 594 libros
1406 555 1592 595 conscri-

175 622 305 676 beret,
337 636 424 664 non
456 626 598 664 autem
636 623 1006 666 adulescentulum
1038 627 1308 668 convertisse.
1371 625 1470 666 Alia
1501 629 1595 680 post

174 696 358 737 reditum
436 708 490 736 ex
565 695 743 736 Graecia
810 696 996 750 Asiaque
1062 699 1108 739 in
1176 698 1451 739 vernaculam
1513 698 1594 738 lin-

175 782 305 823 guam
336 769 565 819 transiecit,
597 771 645 809 ut
661 769 735 808 illa
767 781 823 808 ex
843 770 1050 822 Aeschyli
1070 770 1324 812 Prometheo
1349 770 1487 811 soluto
1521 768 1592 826 (cf.

177 855 306 895 supra
336 855 373 895 p.
409 842 509 894 51.)
571 841 712 894 Atque
751 841 877 881 etiam
910 843 1090 895 saepius,
1129 843 1339 896 imprimis
1376 843 1594 884 breviores

174 915 289 955 locos
337 926 384 955 eo
431 914 523 967 ipso
570 917 770 967 tempore,
819 926 918 954 cum
965 913 1124 954 librum
1173 928 1257 968 quo
1303 917 1595 970 reciperentur

175 987 355 1040 scripsit,
401 985 550 1027 Latine
583 986 805 1040 expressit,
852 990 899 1027 ut
930 987 1020 1040 ipse
1051 990 1242 1040 testatur,
1274 987 1322 1028 cf.
1357 986 1480 1028 Tusc.
1512 985 1590 1028 III.

178 1058 243 1099 14.
277 1059 344 1099 29.
387 1058 498 1111 ,licet
542 1059 667 1111 enim,
716 1061 764 1099 ut
802 1071 925 1113 saepe
962 1059 1155 1113 facimus,
1200 1061 1247 1100 in
1277 1058 1477 1100 Latinum
1522 1058 1596 1099 illa

176 1129 457 1182 convertere3‘
507 1129 558 1171 de
589 1129 660 1170 fin.
692 1129 748 1172 Π.
784 1130 852 1172 32.
889 1132 983 1173 105.
1031 1132 1314 1185 ‚concludam,
1360 1132 1396 1172 si
1438 1134 1596 1186 potero,

174 1202 359 1258 Latine3‘
409 1203 460 1244 de
507 1203 572 1245 off.
607 1203 684 1244 III.
722 1204 790 1245 21.
826 1203 892 1245 82.
926 1218 1088 1258 ,versus
1121 1205 1172 1246 de
1206 1204 1452 1246 Phoenissis
1486 1237 1494 1246 .
1530 1236 1540 1245 .
1571 1235 1595 1257 „

176 1290 284 1331 quos
316 1277 466 1330 dicam,
498 1279 545 1316 ut
575 1279 733 1330 potero,
778 1277 995 1318 incondite
1027 1277 1216 1331 fortasse,
1262 1277 1335 1319 sed
1368 1281 1512 1318 tamen
1545 1280 1594 1318 ut

174 1362 242 1391 res
288 1351 423 1403 possit
465 1348 644 1403 intelligi
678 1381 687 1391 .
722 1381 731 1390 .
765 1349 788 1392 J
852 1349 1054 1391 Ceterum·
1083 1355 1302 1405 tamquam
1345 1350 1482 1405 legem
1521 1348 1592 1390 Ci-

176 1435 271 1464 cero
295 1423 377 1463 sibi
398 1422 718 1476 praescripsisse
739 1422 923 1476 videtur,
945 1427 991 1464 ut
1013 1436 1159 1465 omnes
1182 1423 1441 1465 Graecorum
1464 1422 1592 1474 locos,

177 1508 283 1548 quos
338 1495 382 1535 in
428 1494 731 1549 philosophicis
779 1496 946 1550 scriptis
994 1495 1204 1536 allaturus
1252 1500 1388 1549 esset,
1440 1494 1591 1536 Latine

174 1567 380 1619 redderet,
426 1568 582 1621 quippe
629 1580 728 1608 cum
776 1568 923 1609 nullus
954 1581 1104 1609 versus
1138 1567 1298 1609 Graeca
1344 1568 1495 1622 lingua
1525 1568 1591 1608 in-

176 1641 324 1682 clusus
356 1639 413 1680 ibi
458 1644 666 1683 occurrat.
728 1640 779 1681 In
818 1641 1012 1695 epistulis
1051 1644 1194 1682 autem
1233 1653 1399 1696 semper
1431 1641 1590 1681 maiore

173 1713 367 1755 libertate
398 1726 503 1754 usus
537 1713 741 1755 Graecam
773 1713 965 1768 linguam
997 1714 1164 1755 retinet.

317 1785 506 1840 Saepius,
538 1790 587 1827 ut
619 1790 707 1827 erat
739 1786 946 1840 singulari
978 1787 1196 1839 memoria,
1225 1787 1271 1827 in
1304 1786 1590 1828 convertendo

176 1857 383 1900 Graecum
418 1859 638 1913 exemplar
669 1872 757 1900 non
791 1858 996 1912 adhibuit,
1028 1859 1102 1900 sed
1134 1871 1188 1900 ex
1211 1860 1415 1901 memoria
1436 1871 1588 1900 versus

173 1931 403 1984 transtulit,
437 1931 486 1974 cf.
521 1931 572 1972 de
605 1932 688 1973 div.
723 1932 777 1973 H.
815 1933 882 1974 39.
919 1932 986 1973 82.
1052 1930 1319 1985 ,Homericus
1337 1930 1455 1973 Aiax
1477 1931 1590 1986 apud

173 2004 383 2045 Achillem
418 2016 603 2058 querens
637 2005 688 2045 de
718 2004 935 2046 ferocitate
966 2004 1229 2045 Troianorun
1261 2005 1432 2046 nescio
1467 2004 1591 2059 quid

173 2077 251 2118 1100
298 2077 422 2118 1110ᾰο
470 2076 674 2128 nuntiat3‘
725 2077 844 2119 Tusc.
892 2077 972 2119 III.
1011 2078 1046 2118 9.
1082 2077 1148 2118 18.
1198 2077 1321 2131 ,apud
1353 2076 1590 2118 Homerum

173 2150 362 2191 Achilles
410 2151 603 2204 queritur
649 2150 740 2201 hoc,
787 2154 841 2192 ut
887 2152 1087 2205 opinor,
1131 2149 1283 2190 modo.'·
1364 2149 1588 2191 Interdum

175 2226 317 2263 autem
351 2221 597 2263 Ciceronem
631 2224 836 2264 memoria
869 2223 1072 2264 destituit.
1119 2222 1262 2264 Talem
1293 2231 1478 2264 errorem
1502 2223 1587 2263 iam

174 2299 379 2336 memorat
427 2294 589 2336 Gellius
637 2295 703 2351 (N.
744 2297 795 2336 A.
832 2295 931 2338 XV.
973 2295 1043 2349 6.),
1092 2297 1216 2337 cuius
1262 2296 1504 2336 testimonio
1542 2295 1588 2336 in

112 2373 119 2379 '
173 2368 282 2409 libro
316 2368 366 2409 de
398 2367 531 2422 gloria
562 2367 618 2408 ΙΙ.
652 2381 700 2409 eo
732 2368 841 2421 loco,
883 2367 958 2409 ubi
1003 2368 1051 2408 Il.
1090 2367 1191 2408 XII.
1232 2367 1417 2409 89-91,
1449 2370 1588 2407 trans-

173 2441 337 2494 tulerat,
369 2440 580 2496 praefatus
613 2445 702 2482 erat
732 2441 853 2482 haec:
903 2441 1028 2495 ,apud
1061 2441 1243 2482 eundem
1275 2443 1442 2495 poetam
1473 2441 1588 2480 Aiax

175 2526 273 2554 cum
320 2513 503 2555 Hectore
557 2514 839 2568 congrediens
894 2514 1167 2568 depugnandi
1220 2525 1350 2554 causa
1396 2514 1492 2567 agit,
1539 2515 1588 2554 ut

174 2587 416 2641 sepeliatur,
457 2588 492 2628 si
525 2588 580 2629 sit
625 2587 733 2645 forte
765 2588 916 2641 victus,
963 2586 1247 2639 declaratque,
1294 2598 1339 2626 se
1386 2586 1508 2640 velle,
1539 2588 1588 2626 ut

173 2672 301 2701 suum
333 2661 549 2702 tumulum
580 2661 728 2702 multis
761 2661 887 2702 etiam
927 2662 1021 2714 post
1053 2658 1235 2699 saeculis
1267 2662 1588 2712 praetereuntes

1755 316 1758 322 .
1742 271 1759 302 ‘.'
1755 177 1757 181 <
1736 95 1741 102 Α(
1743 9 1752 17 ’

1786 8 1807 318 „..;hm⁴-.xvn—-*-

1776 851 1808 1276 &iifl-mamb&
1792 769 1808 846 z-fian
1792 675 1807 765 Arbae—d
