1813 2972
920 133 945 172 8

228 251 354 305 paulo
377 253 472 305 post
488 250 795 305 pulcherrimos
817 252 858 290 et
878 248 1243 303 fragrantissimos
1256 248 1382 290 flores
1398 249 1638 303 progenuit.

228 322 323 364 Hac
353 323 484 378 igitur
516 335 540 362 a
572 326 688 376 parte
733 322 780 362 in
813 321 1047 362 excolenda
1088 320 1208 374 poesi
1237 319 1428 362 Romana
1458 334 1547 363 non
1579 334 1642 363 se-

230 395 391 437 cundas
421 399 561 450 partes
593 396 690 448 agit.

33 475 185 536 Agffiffi-
372 467 664 522 Complurium
710 467 892 507 aliorum
944 466 1180 520 carminum
1225 464 1273 505 fit
1326 467 1484 507 mentio
1529 467 1639 521 apud

63 545 154 571 Nilus.
229 540 396 581 Julium
440 540 723 594 Capitolinum
772 540 815 579 in
857 539 944 579 vita
981 538 1108 592 primi
1148 536 1352 578 Gordiani
1398 550 1432 578 c.
1472 540 1525 592 3.,
1566 539 1643 579 ubi

230 613 396 654 codices
427 612 602 653 habent:
638 612 904 664 ,adulescens
932 623 1031 650 cum
1063 613 1172 651 esset
1202 609 1444 651 Gordianus
1477 611 1528 652 de
1557 624 1642 665 quo

230 697 366 726 sermo
400 688 463 726 est
493 688 689 739 poemata
721 684 900 737 scripsit,
938 695 1046 736 quae
1079 683 1223 723 omnia
1253 686 1434 736 exstant,
1478 686 1519 724 et
1551 685 1644 737 qui—

231 758 326 799 dem
358 761 510 798 cuncta
540 757 627 810 illa,
661 769 770 810 quae
803 755 946 796 Cicero
979 758 1025 795 et
1058 755 1289 796 demerio
1323 759 1370 797 et
1401 756 1550 796 arath
1566 769 1643 796 um

228 834 279 872 et
310 830 594 882 halcyonas
627 834 674 870 et
704 828 892 880 Nilum,
925 839 1036 881 quae
1068 827 1242 880 quidem
1273 828 1326 868 ad
1355 829 1434 869 1100
1466 829 1646 883 scripsit,

231 907 280 944 ut
319 901 535 943 Ciceronis
582 905 775 956 poemata
821 901 950 941 nimis
994 900 1171 952 antiqua
1214 899 1487 942 viderentur.‘
1548 901 1647 942 Non
1712 948 1716 951 ,

234 976 377 1016 omnia
409 988 431 1015 a
464 973 758 1026 1·000,Ο10010ι
791 973 1039 1026 incipientia
1070 975 1183 1012 recte
1213 972 1368 1013 tradita
1390 986 1480 1014 esse
1512 975 1648 1015 mani—

231 1048 388 1089 festum
427 1050 501 1089 est.
564 1046 785 1087 Heusdius
818 1045 859 1100 (1.
893 1058 924 1085 c.
958 1058 994 1098 11.
1030 1043 1232 1097 35—40.)
1263 1046 1476 1098 proponit:
1523 1059 1647 1100 ,quae

234 1119 379 1161 Cicero
442 1120 765 1160 hexametris
832 1131 893 1159 ex
946 1118 1106 1158 Arato
1163 1117 1504 1159 halucinatus
1549 1122 1647 1172 est,

232 1193 484 1234 Exortum
517 1195 563 1233 et
593 1191 798 1232 Nixum:
841 1203 949 1244 quae
982 1189 1155 1243 quidem
1188 1222 1196 1230 .
1231 1222 1238 1229 .
1273 1188 1297 1231 f
1333 1188 1449 1238 Quae
1482 1192 1648 1232 coniec-

234 1268 330 1306 tura
362 1278 449 1305 non
481 1265 626 1305 minus
658 1263 952 1318 improbabilis
992 1275 1119 1316 quem
1152 1262 1295 1302 audax
1327 1275 1420 1304 esse
1451 1263 1554 1304 mihi
1586 1264 1649 1304 vi-
1771 1265 1813 1280 ‘²¹

235 1339 372 1380 detur.
448 1337 567 1378 Inter
613 1337 767 1377 tradita
813 1335 943 1376 verba
991 1336 1027 1376 si
1072 1335 1243 1375 nullum
1289 1335 1416 1388 aliud,
1463 1339 1648 1378 attamen

235 1410 494 1464 ,balcyonas‘
524 1410 592 1450 vel
616 1409 876 1450 correctione
901 1419 1010 1461 quae
1042 1407 1117 1447 vix
1149 1408 1350 1449 correctio
1367 1411 1431 1449 est
1462 1408 1649 1450 adhibita

234 1482 460 1536 ,01οι1101113<
487 1483 577 1523 viro
604 1482 726 1523 docto
759 1494 845 1522 non
877 1479 1127 1521 tentandum
1147 1483 1245 1531 erat,
1279 1480 1352 1533 qui
1368 1481 1518 1523 titulus
1536 1481 1650 1522 Noni

235 1568 406 1609 quoque
437 1556 680 1596 testimonio
712 1555 769 1608 (p.
795 1554 863 1596 65.
882 1553 940 1606 8.)
974 1552 1218 1594 affirmatur.
1281 1553 1505 1594 Accedunt
1536 1566 1650 1595 com-

234 1629 380 1682 plures
413 1628 464 1669 de
497 1628 680 1668 dictione
728 1630 768 1668 et
817 1627 867 1667 de
898 1638 944 1666 re
977 1625 1181 1680 scrupuli.
1248 1624 1544 1677 ⁷Halucinatus
1577 1628 1650 1668 031ι

235 1702 362 1741 nimis
411 1702 573 1753 acriter,
623 1701 747 1740 etiam
798 1713 821 1740 a
867 1700 1167 1752 vituperatoro,
1215 1698 1376 1738 dictum
1418 1711 1509 1739 esse
1547 1699 1650 1740 mihi

233 1772 415 1825 videtur,
447 1773 612 1813 etiamsi
636 1772 793 1825 Cicero,
824 1776 870 1813 111
893 1771 1003 1812 infra
1026 1770 1286 1822 videbimus,
1317 1783 1649 1824 nonnumquam

234 1845 279 1884 in
311 1847 480 1885 Arateis
504 1845 802 1886 convertendis
827 1846 996 1886 erravit.
1050 1846 1195 1898 Atque
1222 1844 1347 1884 etiam
1371 1843 1650 1896 ,hexametris‘
1797 1846 1813 1900 ἐ,

234 1918 444 1959 inutiliter
477 1923 517 1959 et
563 1918 763 1972 languide
798 1917 1111 1972 quodammodo
1155 1916 1346 1957 additum
1387 1918 1459 1956 est.
1520 1914 1651 1956 Prae·
1797 1903 1813 1967 ἶ

234 1995 361 2043 terea,
408 1992 486 2032 etsi
525 1991 774 2032 conceditur
817 1992 939 2031 Arati
985 1987 1232 2042 (Βαινριιενα
1275 1989 1319 2028 in
1365 1988 1471 2029 duas
1511 1992 1650 2042 partes
1798 1978 1813 2079 1

236 2057 542 2118 ,Ἆστροῶεσιά<
583 2068 623 2104 01
670 2057 891 2120 ,ζιίνατολής
939 2063 1073 2103 divisa
1123 2061 1314 2102 Ciceroni
1361 2062 1405 2101 in
1453 2060 1650 2102 manibus
1799 2083 1813 2302 ³

1805 2324 1813 2342 d

234 2136 379 2188 fuisse,
415 2140 460 2176 ut
480 2136 701 2177 Heusdius
734 2137 836 2187 vult,
870 2141 1011 2176 tamen
1043 2135 1161 2175 nullo
1193 2134 1318 2174 modo
1343 2127 1650 2188 ,³210r9036m'd

236 2222 340 2250 voce
372 2209 538 2261 ,Nixus‘
583 2209 705 2249 reddi
735 2209 882 2262 11011111.
945 2206 1112 2261 ,Nixus‘
1146 2220 1233 2248 non
1265 2219 1357 2247 esse
1389 2206 1649 2259 positionem,

236 2282 309 2322 sed
348 2285 509 2321 motum
557 2288 595 2322 et
628 2295 802 2322 cursum
850 2281 1069 2322 stellarum
1116 2292 1170 2320 ex
1210 2292 1258 2320 eo
1290 2280 1381 2333 ipso
1412 2279 1505 2319 loco
1538 2279 1649 2319 clare

237 2358 418 2409 apparet,
452 2367 580 2408 quem
611 2354 845 2406 Heusdius,
883 2357 932 2394 ut
964 2366 1085 2393 suam
1117 2352 1251 2406 ipsius
1284 2351 1533 2392 sententiam
1567 2350 1650 2390 ful·
1787 2394 1796 2402 .

237 2428 331 2480 ciat,
378 2427 497 2467 affert
530 2426 632 2482 (Cic.
670 2427 720 2468 de
761 2430 841 2468 nat.
880 2426 989 2466 deor.
1023 2425 1081 2466 II.
1114 2425 1181 2465 46.
1217 2422 1352 2480 117.):
1393 2424 1450 2476 ,111
1482 2423 1650 2464 aethere
1795 2386 1813 2531 i

239 2503 381 2541 autem
414 2502 525 2540 astra
557 2499 802 2552 volvuntur,
850 2511 957 2552 quae
990 2510 1034 2539 se
1067 2502 1107 2538 et
1138 2498 1248 2538 nixu
1286 2509 1362 2537 suo
1397 2495 1651 2550 conglobata

239 2573 457 2614 continent
489 2576 529 2612 et
560 2572 694 2613 forma
739 2573 831 2626 ipsa
862 2571 1086 2625 figuraque
1124 2582 1202 2610 sua
1233 2572 1448 2610 momenta
1481 2571 1651 2610 susten-
1800 2533 1813 2627 1

239 2645 354 2687 tant.t
407 2643 491 2685 Hic
518 2645 648 2698 ,1111111<
682 2650 729 2686 111
751 2644 865 2684 idem
900 2647 1026 2697 atque
1059 2640 1291 2696 ,positione‘
1326 2654 1418 2683 esse
1440 2644 1650 2696 putemus,
