1813 2972
50 1336 195 1367 Epigram-

919 111 974 151 46

240 231 398 271 tionem
431 228 643 271 celebrare
677 229 910 281 constituit,
941 232 989 270 ut
1021 229 1200 282 videtur,
1247 232 1434 273 carmine
1480 231 1652 286 epico.*)

242 301 363 350 Quod
400 301 576 343 fortasse
614 304 661 343 ut
708 301 886 343 celerius
936 301 1214 344 conficeretur
1260 307 1335 344 aut
1381 304 1463 345 alia
1508 305 1652 346 nescio

242 388 326 429 qua
358 375 408 416 de
440 387 568 416 causa
601 373 786 423 Quintus
819 387 842 415 a
875 373 1017 415 Marco
1057 375 1218 428 petivit,
1259 378 1306 416 ut
1353 376 1549 418 versibus
1595 377 1655 417 fa-

241 447 401 488 ciendis
448 459 492 488 se
540 447 775 488 adiuvaret.
877 445 974 487 Non
1017 447 1139 488 aliter
1184 448 1514 502 intelligendum
1561 461 1654 490 esse

239 521 345 560 mihi
376 519 555 571 videtur,
591 532 719 573 quam
752 522 866 559 certa
900 519 1082 573 quadam
1134 520 1186 561 de
1233 523 1351 574 parte
1399 522 1477 575 agi,
1527 535 1655 576 quam

239 592 411 633 Marcus
449 591 648 636 versibus
695 596 1032 645 persequeretur,
1079 596 1127 633 ut
1161 591 1310 641 Quinti
1355 594 1490 647 ipsius
1537 595 1657 648 operi

240 665 554 719 adiungeretur.
632 664 804 704 Marcus
839 664 953 716 quod
984 664 1111 706 frater
1142 665 1318 720 rogabat
1356 679 1400 707 se
1440 666 1656 708 facturum

241 750 332 778 esse
363 735 647 791 promisit**);
681 737 755 777 sed
776 736 928 777 iisdem
961 737 1012 777 de
1051 738 1204 791 causis,
1243 738 1400 792 quibus
1444 739 1657 780 adductus

241 823 412 851 carmen
444 810 495 849 ad
512 809 734 850 Caesarem
768 809 916 849 eodem
941 809 1014 849 illo
1047 813 1234 862 tempore
1255 812 1471 863 inciderat,
1495 811 1655 852 factum

241 886 313 934 est,
345 886 393 922 ut
423 883 631 935 promisso
664 894 748 921 non
783 885 920 923 staret.
985 881 1130 923 Fratre
1168 883 1299 924 semel
1335 888 1462 938 atque
1498 885 1656 925 iterum

240 958 417 1008 urgente
450 955 630 1007 saepius,
664 953 779 1007 quod
812 954 903 995 eius
937 955 1144 996 voluntati
1183 968 1270 996 non
1309 956 1578 1009 satisfaceret,
1610 969 1655 998 se
1715 942 1718 945 ¹

240 1031 429 1079 excusat,
475 1040 574 1067 cum
617 1026 766 1067 ceteris
813 1027 898 1068 illis
937 1029 1076 1069 causis
1123 1027 1189 1082 (cf.
1239 1041 1278 1082 p.
1315 1024 1402 1080 44.)
1440 1028 1579 1079 adicit,
1609 1030 1656 1070 in

240 1105 327 1142 arte
358 1100 522 1154 poetica
552 1099 671 1141 fratri
702 1100 863 1153 priores
895 1103 1035 1154 partes
1058 1114 1102 1142 se
1124 1099 1460 1155 concedere.***)
1525 1100 1655 1150 Quin·

240 1178 366 1215 tusne
407 1174 523 1215 solus
567 1173 660 1214 sine
698 1172 860 1214 auxilio
908 1173 1048 1214 fratris
1096 1186 1269 1215 carmen
1316 1174 1425 1215 illud
1470 1173 1657 1215 finiverit

240 1259 386 1300 necne,
418 1260 441 1287 a
473 1245 751 1300 scriptoribus
784 1259 872 1286 non
904 1247 1099 1288 traditur.

381 1320 525 1374 Atque
558 1320 684 1360 etiam
717 1318 927 1360 nonnulla
965 1320 1267 1374 epigrammata
1300 1319 1495 1361 Ciceroni
1542 1321 1659 1362 attri-

240 1392 447 1444 buuntur,
479 1391 598 1433 velut
630 1405 653 1432 a
687 1390 950 1440 Quintiliano
982 1393 1082 1434 inst.
1117 1396 1219 1434 orat.
1256 1392 1375 1434 VIII.
1399 1393 1436 1433 6.
1463 1393 1530 1434 73.
1566 1405 1657 1446 ,nec

241 1465 440 1519 pauciora
488 1469 591 1506 sunt
638 1465 712 1520 (sc.
761 1464 1034 1518 hyperboles)
1081 1477 1239 1519 genera
1285 1466 1526 1507 minuendi:
1568 1467 1656 1519 ‚vix

242 1538 410 1579 ossibus
441 1537 630 1579 haerent‘
665 1541 706 1579 et
739 1537 853 1591 quod
887 1536 1100 1578 Ciceronis
1133 1542 1196 1579 est
1226 1540 1272 1579 in
1318 1539 1502 1593 quodam
1538 1540 1656 1580 iocu-

241 1612 316 1653 lari
348 1611 508 1652 libello:

385 1684 579 1737 ,fundum
612 1684 738 1725 Vetto
771 1687 893 1724 vocat
926 1695 1055 1737 quem
1087 1684 1219 1738 possit
1251 1684 1416 1725 mittere
1455 1683 1597 1737 funda,

383 1758 428 1797 ni
459 1762 602 1799 tamen
635 1757 840 1798 exciderit
873 1769 957 1810 qua
988 1769 1092 1797 cava
1123 1756 1257 1797 funda
1288 1756 1429 1811 patet.‘

386 1829 435 1871 G.
485 1830 516 1870 Ι.
564 1830 758 1886 Vossius,
806 1829 980 1883 Tollius,
1033 1830 1311 1871 Burmannus
1367 1829 1543 1884 (anthol.
1586 1829 1656 1870 lat.

241 1907 340 1945 tom.
386 1902 417 1943 Ι.
464 1916 504 1957 p.
552 1904 651 1945 493.
699 1902 772 1944 lib.
819 1903 895 1944 III.
940 1916 1001 1958 ep.
1041 1903 1125 1955 56.)
1169 1903 1248 1943 hoc
1281 1903 1539 1958 epigramma
1570 1915 1657 1942 non

382 2034 418 2077 *)
445 2035 489 2068 ad
515 2033 555 2075 Q.
583 2033 624 2069 fr.
651 2032 699 2067 II.
728 2034 784 2069 16.
809 2033 842 2068 4.
881 2035 928 2075 ‚te
953 2044 1034 2068 vero
1059 2030 1235 2067 ιῖπόθεσιι.·
1266 2032 1439 2067 scribendi
1476 2032 1656 2077 egregiam

242 2095 372 2130 habere
396 2096 511 2130 video.
563 2095 659 2137 Quos
684 2098 723 2130 tu
749 2096 850 2140 situs,
881 2106 966 2139 quas
990 2097 1134 2129 naturas
1159 2105 1276 2128 rerum
1311 2096 1347 2128 et
1370 2094 1540 2138 locorum,
1568 2103 1656 2137 quos

242 2168 367 2198 mores.
396 2167 481 2201 quas
507 2159 643 2201 gentes,
680 2168 766 2200 quas
800 2167 949 2201 pugnas,
990 2166 1094 2200 quem
1132 2165 1214 2190 vero
1252 2155 1368 2199 ipsum
1406 2155 1656 2199 imperatorem

242 2217 385 2253 habes!‘
414 2229 504 2262 quae
530 2217 636 2252 verba
663 2217 706 2251 ad
734 2228 873 2252 carmen
902 2217 1038 2262 epicum
1064 2217 1263 2252 revocanda
1289 2227 1364 2251 esse
1391 2216 1566 2251 videntur.

360 2278 413 2321 **)
441 2280 486 2313 ad
511 2278 552 2321 Q.
579 2278 621 2313 fr.
659 2278 707 2312 ΙΙ.
749 2278 803 2311 16.
831 2278 865 2313 4.
898 2278 984 2323 ,Ego
1023 2280 1059 2313 te
1097 2277 1258 2320 libenter,
1300 2279 1340 2312 ut
1374 2288 1490 2322 rogaS,
1531 2276 1656 2321 quibus

241 2338 344 2374 rebus
369 2339 422 2373 vis
450 2339 625 2374 adiuvabo
652 2341 688 2374 et
712 2339 779 2374 tibi
803 2349 927 2373 versus
954 2349 1041 2383 quos
1065 2349 1171 2384 rogas
1198 2338 1313 2386 γλαῦκ’
1339 2340 1384 2375 εἰς
1399 2333 1554 2382 Ἀθῆνας
1577 2338 1658 2372 mit-

242 2400 339 2434 tam.‘
366 2419 410 2425 —
438 2401 482 2434 ad
508 2400 548 2442 Q.
575 2400 616 2434 fr.
643 2400 712 2434 ΙΙΙ.
740 2400 770 2435 1,
800 2402 854 2436 11.
872 2400 962 2442 ,Tibi
988 2401 1082 2445 quod
1106 2412 1222 2446 rogas,
1249 2400 1415 2445 quoniam
1440 2399 1508 2443 ipsi
1539 2398 1656 2434 fontes

243 2460 314 2495 iam
341 2461 479 2506 sitiunt,
507 2462 537 2496 si
565 2462 649 2505 quid
673 2461 812 2496 habebo
839 2462 956 2506 spatii,
983 2462 1157 2497 scribam.‘

337 2519 410 2565 ***)
439 2521 483 2555 ad
509 2521 549 2564 Q.
577 2522 618 2557 fr.
645 2523 711 2557 HI.
736 2523 769 2557 4.
797 2523 830 2557 4.
859 2551 878 2565 ‚.
898 2551 906 2558 .
928 2553 935 2560 .
957 2551 965 2558 .
983 2523 1094 2558 Simul
1110 2526 1146 2559 et
1170 2523 1256 2558 illud
1273 2543 1318 2548 —
1335 2522 1410 2557 sine
1435 2521 1507 2556 ulla
1520 2520 1655 2556 meher-

244 2581 318 2616 cule
350 2582 463 2616 ironia
495 2583 621 2628 loquor
646 2604 691 2609 —-
717 2584 784 2619 tibi
814 2585 916 2619 istius
943 2585 1081 2630 generis
1106 2585 1143 2619 in
1168 2583 1351 2619 scribendo
1374 2583 1506 2628 priores
1539 2583 1658 2627 partes

243 2641 361 2677 tribuo
389 2654 493 2688 quam
519 2645 630 2680 mihi&
673 2644 725 2680 Cf.
753 2637 938 2690 praeterea
962 2647 1006 2680 ad
1031 2645 1070 2688 Q.
1098 2645 1140 2680 fr.
1166 2645 1233 2680 III.
1260 2645 1293 2680 5.
1319 2644 1360 2687 43
1388 2644 1446 2679 III
1470 2644 1503 2679 5.
1531 2644 1564 2678 7.
