1813 2972
0 2451 10 2547 ,ru-v*
0 2332 3 2427 -,...

843 101 899 142 43

162 220 312 273 potest,
345 216 593 260 Ciceronem
639 231 776 273 usque
821 219 873 260 ad
914 218 1024 260 illud
1063 222 1232 271 tempus
1264 219 1455 259 nondum
1489 233 1579 260 car-

162 303 260 332 men
308 290 361 331 ad
408 290 628 332 Caesarem
679 292 858 333 misisse.
931 291 1013 332 His
1045 289 1196 330 iisdem
1230 292 1371 331 causis
1404 291 1579 333 fortasse

163 366 402 405 commotus
449 363 694 405 Tunstallus
739 363 920 404 inclinat
967 363 1102 416 magis
1146 375 1190 403 se
1228 362 1280 402 ad
1314 365 1580 416 sententiam,

163 447 333 478 carmen
382 436 433 477 ad
482 436 745 490 Pompeium,
781 447 866 476 non
906 435 958 475 ad
999 434 1220 476 Caesarem
1261 436 1440 476 missum
1475 448 1578 477 essc.

163 506 245 550 Sed
294 522 318 549 a
366 508 567 564 Pompeio
611 509 779 549 veniam
824 511 967 562 petere
1011 521 1096 548 non
1145 520 1253 562 opus
1285 511 1388 560 crat,
1427 509 1581 562 quippo

165 593 262 622 cum
310 582 394 622 iam
445 581 685 636 complures
732 593 804 635 per
862 593 998 622 annos
1052 581 1090 622 ei
1143 594 1243 622 cum
1291 581 1364 621 illo
1414 594 1582 622 summa

165 654 392 695 concordia
443 654 736 696 intercederet.
818 652 1080 710 Παλινῳὸία
1135 658 1278 696 autem
1324 653 1582 695 vocabulum

165 740 251 768 non
297 739 470 769 necesse
514 730 589 780 est,
635 731 685 768 ut
730 726 976 768 Tunstallus
1022 726 1219 768 arbitrari
1266 726 1449 779 videtur,
1496 740 1583 767 car-

165 812 262 842 men
309 799 479 854 indicet‚
521 800 595 842 sed
643 804 705 842 est
753 801 881 841 etiam
925 800 1063 841 soluta
1102 801 1290 842 oratione
1323 799 1432 840 facta
1463 812 1584 841 revo-

145 874 285 926 teatio,
316 876 367 914 ut
397 873 450 914 ad
472 874 554 915 Att.
589 873 685 916 VII.
723 874 760 915 7.
798 874 832 914 l.
865 873 980 927 ,mihi
1013 876 1154 915 autem
1186 873 1307 914 nulla
1339 873 1390 914 de
1423 885 1471 914 eo
1503 873 1582 926 (sc.

165 946 395 1001 Dionysio)
429 944 683 1003 παλινῳδία
731 947 856 988 datur
900 951 1072 1002 propter
1110 946 1340 1000 superioris
1379 946 1584 1000 epistulae

165 1019 490 1061 testimonium}
554 1020 684 1062 Paulo
732 1020 945 1061 diversam
989 1021 1075 1060 vim
1124 1018 1250 1060 habet
1293 1032 1380 1060 vox
1413 1019 1464 1060 ad
1496 1019 1583 1060 Att.

165 1092 222 1135 II.
273 1093 310 1134 9.
361 1093 396 1133 1.
456 1105 650 1146 ,quarum
707 1093 782 1146 (sc.
836 1092 1098 1149 orationum)
1147 1095 1346 1146 exspecta
1394 1091 1584 1133 divinam

169 1162 473 1221 meslavcffllmss,
506 1165 581 1206 ubi
613 1170 676 1207 est
707 1165 823 1206 idem
856 1168 984 1219 atque
1018 1164 1298 1218 ,retractatiot

309 1238 468 1279 Notum
503 1242 565 1280 est
598 1252 725 1292 quani
764 1237 948 1292 benigne
985 1239 1256 1279 revocatione
1293 1237 1403 1278 facta
1441 1236 1584 1278 Cicero

169 1325 193 1352 a
241 1310 417 1352 Caesare
471 1315 676 1365 exceptus
733 1314 774 1352 et
828 1315 990 1366 quanto
1039 1311 1185 1352 favore
1237 1311 1470 1364 insignitus
1518 1310 1583 1351 sit.

168 1382 389 1438 Epistulae
420 1383 506 1425 illis
538 1385 662 1426 annis
686 1385 865 1438 scriptae
893 1385 994 1426 satis
1026 1385 1270 1426 testimonio
1289 1387 1400 1437 sunt,
1427 1386 1586 1437 quanta

168 1455 434 1498 familiaritas
466 1458 578 1498 inter
609 1458 716 1499 duos
748 1458 1049 1510 intercesserit,
1075 1457 1124 1498 cf.
1151 1457 1336 1510 exempli
1363 1469 1491 1497 causa
1524 1469 1586 1510 ep.

169 1529 221 1570 ad
255 1528 305 1578 Q.
336 1529 387 1572 fr.
420 1529 498 1571 III.
536 1530 572 1571 l.
610 1531 675 1572 18.
710 1532 764 1584 (a.
801 1530 903 1587 54),
934 1531 1010 1572 ubi
1033 1530 1179 1571 Cicero
1209 1529 1355 1571 scribit
1377 1529 1460 1582 ,ille
1481 1528 1587 1568 mihi

172 1602 409 1644 secundum
442 1606 482 1645 te
514 1607 555 1645 et
585 1604 744 1646 liberos
777 1608 944 1646 nostros
976 1605 1035 1644 ita
1067 1607 1143 1657 est,
1173 1607 1221 1644 ut
1243 1604 1297 1644 sit
1318 1614 1453 1656 paene
1484 1600 1585 1656 parf

169 1674 320 1730 Itaque
353 1677 510 1717 mirum
549 1677 683 1718 videri
727 1690 814 1718 non
859 1680 1007 1731 potest,
1053 1676 1162 1731 quod
1214 1674 1400 1724 Quintus
1446 1674 1588 1726 frater,

173 1749 246 1802 qui
278 1762 314 1790 a.
353 1750 537 1790 54-52.
584 1750 750 1805 legatus
783 1750 975 1792 Caesaris
1022 1751 1067 1790 in
1117 1749 1254 1790 Gallia
1292 1752 1332 1790 et
1362 1747 1588 1789 Britannia

171 1826 261 1862 erat
309 1825 349 1862 et
394 1823 484 1876 ipse
533 1836 705 1878 quoque
753 1823 804 1864 ab
852 1824 925 1864 illo
974 1824 1092 1864 omni
1130 1822 1255 1863 modo
1290 1820 1587 1874 honorabatur,

171 1895 354 1948 epistula
387 1895 569 1949 quadam
603 1896 797 1938 Marcum
830 1911 866 1939 a.
903 1897 970 1938 54.
1003 1898 1193 1937 hortatus
1226 1898 1300 1948 est,
1339 1898 1387 1936 ut
1418 1895 1482 1935 illi
1513 1894 1589 1935 ali-

173 1979 257 2021 quo
289 1968 415 2009 modo
449 1970 678 2011 memoriae
709 1969 1018 2011 beneficiorum
1049 1972 1194 2024 gratae
1239 1971 1280 2009 et
1318 1968 1452 2008 animi
1489 1979 1589 2021 erga

173 2052 271 2080 eum
302 2041 361 2094 pii
393 2042 684 2083 testimonium
716 2042 939 2097 praeberet
973 2041 1044 2097 (ct.
1078 2042 1129 2083 ad
1163 2040 1211 2090 Q.
1235 2041 1286 2082 fr.
1321 2041 1373 2082 II.
1412 2041 1477 2081 15.
1517 2038 1585 2094 2.).

174 2111 266 2161 Qua
301 2114 483 2167 epistula
514 2121 682 2170 accepta
716 2115 876 2170 Cicero,
906 2129 1005 2157 cum
1038 2115 1298 2156 consentiret
1317 2114 1403 2154 iam
1425 2112 1591 2168 pridem

173 2183 344 2226 Caesari
377 2186 512 2229 officio
546 2189 690 2244 aliquo
722 2191 903 2244 gratiam
936 2201 980 2230 se
1001 2188 1156 2230 referre
1179 2187 1428 2242 oportuisse,
1449 2186 1590 2226 acrius

173 2259 412 2301 festinando
446 2261 559 2314 quod
591 2263 931 2316 praetermiserat
968 2261 1218 2316 expleturus
1251 2260 1470 2301 constituit
1501 2271 1589 2299 car-

174 2335 288 2375 mine
327 2335 446 2388 epico
493 2334 610 2375 illius
654 2335 971 2390 expeditionem
1018 2334 1312 2375 Britannicam
1360 2331 1588 2373 celebrare.

174 2404 301 2448 Prius
351 2410 493 2448 autem
551 2407 722 2461 plenius
773 2408 824 2449 de
878 2407 1102 2448 Britannia
1158 2409 1206 2447 ut
1261 2405 1464 2446 scriberet
1520 2416 1591 2458 pe-

175 2480 270 2520 tivit
302 2493 326 2520 a
357 2479 497 2533 fratre,
546 2483 591 2521 ut
621 2481 842 2521 materiam
887 2480 1088 2520 carminis
1127 2478 1302 2520 haberet
1332 2474 1589 2531 idoneam.*)

316 2596 350 2640 *)
376 2596 418 2632 cf.
439 2597 483 2632 ad
501 2596 540 2639 Q.
560 2596 600 2631 fr.
621 2596 669 2635 ΙΙ,
692 2596 745 2630 15.
764 2596 810 2642 2.,
829 2606 917 2640 quae
930 2595 1088 2640 ¹epistula
1114 2605 1143 2629 a.
1171 2594 1227 2629 54.
1245 2605 1317 2628 non
1335 2595 1417 2628 ante
1434 2602 1591 2627 mensem

176 2656 319 2691 Iunium
344 2657 402 2703 (cf.
429 2657 451 2703 ξ
479 2658 525 2703 1.)
557 2658 690 2702 scripta
716 2659 783 2691 est:
823 2656 921 2702 ‚facis
958 2658 998 2691 tu
1032 2656 1174 2701 quidem
1206 2657 1370 2697 fraterne,
1413 2654 1505 2698 quod
1536 2662 1591 2686 me
