1813 2972
878 100 930 140 36

197 218 426 259 consulatu
458 231 546 259 suo.
608 218 694 258 Alii
725 222 773 259 ut
804 217 921 260 Paul.
956 215 1191 267 Manutius,
1231 216 1358 257 Andr.
1375 215 1613 267 Fabricius,

196 289 455 343 Tunstallus,
477 290 770 343 Drumannus,
799 289 1033 340 Heusdius,
1073 287 1362 342 Suringarius,
1393 288 1617 338 Baehrius‚

197 362 422 404 Teuffelius
455 362 717 404 arbitrantur
750 363 833 404 duo
867 362 1056 403 carmina
1086 361 1365 414 intelligenda
1397 374 1502 402 esse.
1529 392 1536 393 ff

314 434 678 476 Proficiscendum
728 438 791 476 est
836 436 881 475 in
928 435 1007 475 hac
1055 434 1304 488 quaestione
1343 446 1399 474 ex
1430 434 1613 488 epistula

199 507 415 561 Ciceronis
448 521 480 548 a.
501 508 568 549 54.
603 507 655 547 ad
672 506 903 548 Lentulum
935 507 1079 558 missa,
1113 507 1186 560 qui
1216 509 1408 560 praeerat
1439 505 1612 547 Ciliciae

196 581 440 635 provinciae
472 593 509 620 a.
544 579 745 631 56-54.,
784 577 852 634 (ad
887 579 983 620 fam.
1017 579 1048 619 Ι.
1081 578 1153 634 9.);
1187 579 1246 619 ibi
1279 578 1426 620 scribit
1457 578 1499 632 (ξ
1523 579 1613 631 23.)

198 654 319 694 haec:
355 651 490 706 ,Quod
521 663 657 704 rogas,
689 654 736 691 ut
767 664 861 692 mea
893 651 970 692 tibi
1001 652 1156 705 scripta
1177 653 1352 704 mittam,
1386 664 1495 705 quae
1516 656 1613 705 post

201 726 436 766 discessum
469 728 593 764 tuum
627 724 887 776 scripserim:
922 728 1021 764 sunt
1054 725 1267 766 orationes
1301 723 1561 779 quaedam..
1581 755 1610 765 ..

199 797 357 851 Scripsi
402 797 528 837 etiam
572 795 768 836 versibus
815 798 899 834 tres
936 794 1068 836 libros
1108 795 1160 836 de
1191 796 1453 851 temporibus
1495 797 1617 848 meis,

201 883 306 924 quos
351 870 437 909 iam
483 868 646 922 pridem
680 867 730 908 ad
770 870 812 907 te
845 867 1069 920 misissem,
1116 868 1152 908 si
1199 881 1290 909 esse
1316 869 1506 910 edendos
1537 882 1616 922 pu-

198 950 372 983 tassem:
421 944 523 981 sunt
563 941 674 981 enim
709 942 837 980 testes
869 942 909 979 et
940 942 1068 979 erunt
1099 941 1344 994 sempiterni
1368 942 1617 982 meritorum
1677 940 1680 943 ’

201 1026 301 1067 erga
331 1025 398 1053 me
438 1016 610 1053 tuorum
643 1025 848 1065 meaeque
879 1012 1064 1066 pietatis:
1099 1036 1155 1040 ——-
1188 1013 1260 1054 sed
1294 1014 1397 1067 quia
1427 1013 1616 1064 verebar,

199 1099 285 1126 non
318 1098 401 1138 eos,
433 1086 509 1139 qui
541 1097 585 1126 se
616 1085 752 1125 laesos
784 1084 1094 1125 arbitrarentur
1127 1084 1301 1139 (etenim
1323 1085 1367 1126 id
1389 1085 1471 1127 feci
1491 1098 1617 1140 parce

201 1163 241 1199 et
273 1157 484 1212 molliter),
536 1158 610 1199 sed
642 1170 724 1209 eos,
773 1169 878 1210 quos
925 1160 1013 1197 erat
1058 1157 1276 1199 infinitum
1324 1158 1432 1199 bene
1466 1158 1517 1199 de
1551 1170 1619 1198 me

199 1231 373 1272 meritos
420 1243 564 1271 omnes
607 1231 839 1270 nominare.
902 1227 1019 1278 Quos
1063 1233 1206 1271 tamen
1245 1232 1358 1285 ipsos
1391 1231 1534 1283 libros,
1581 1231 1618 1272 si

202 1316 340 1358 quem,
359 1305 429 1344 cui
445 1307 558 1345 recte
590 1303 862 1355 committam,
888 1303 1104 1359 invenero,
1136 1303 1293 1345 curabo
1326 1304 1378 1345 ad
1409 1308 1450 1345 te
1481 1303 1616 1358 perfe-

200 1376 382 1422 rendos}
447 1376 494 1419 G.
525 1376 557 1416 I.
593 1376 773 1417 Vossius
796 1375 966 1429 quidem
993 1388 1089 1416 cum
1115 1377 1240 1417 sciret
1261 1377 1369 1418 illud
1393 1377 1443 1417 de
1460 1389 1615 1417 consu-

201 1449 291 1490 latu
335 1461 503 1489 carmen
549 1450 634 1489 iam
681 1462 717 1490 a.
751 1447 819 1489 60.
861 1450 1154 1503 compositum,
1197 1449 1422 1503 epistulam
1471 1451 1613 1489 autem

203 1522 256 1562 ad
286 1521 382 1562 fam.
414 1521 448 1563 Ι.
485 1522 522 1563 9.
556 1534 590 1562 a.
626 1522 693 1562 54.
739 1522 939 1576 scriptam
981 1534 1083 1574 esse,
1129 1510 1250 1575 putat
1302 1519 1383 1576 (,de
1426 1521 1614 1562 historic.

202 1594 353 1636 Latin}
415 1592 558 1649 Lugd.
591 1594 682 1636 Bat.
719 1595 845 1636 1651.
880 1608 917 1649 p.
943 1595 1011 1637 51.
1034 1594 1145 1649 sqq.)
1180 1607 1349 1635 carmen
1382 1595 1434 1635 de
1465 1607 1619 1635 consu-

205 1668 292 1708 latu
323 1668 407 1707 iam
441 1671 538 1707 ante
570 1667 774 1709 exsilium
807 1668 1040 1720 conditum,
1074 1667 1147 1708 sed
1179 1680 1265 1708 non
1304 1667 1468 1708 editum
1504 1680 1617 1718 esse;

202 1743 297 1794 post
342 1739 528 1780 reditum
571 1744 711 1781 autem
760 1741 828 1781 vel
871 1742 1014 1795 potius
1052 1744 1146 1795 post
1177 1740 1350 1781 Lentuli
1383 1740 1617 1781 discessum

205 1815 449 1853 revocatum
484 1823 575 1852 esse
607 1812 660 1852 ad
691 1812 906 1866 incudem,
937 1814 995 1854 ita
1026 1816 1073 1854 u't
1105 1826 1266 1853 novum
1298 1817 1440 1867 posset
1470 1813 1615 1854 videri.

207 1884 389 1926 Orellius
437 1883 684 1926 Ciceronem
724 1898 895 1927 carmen
941 1886 1004 1937 ,de
1042 1886 1305 1940 temporibus
1347 1884 1481 1936 meis³‚
1528 1899 1616 1926 non

206 1959 270 2009 ,de
312 1957 538 1999 consulatu
568 1957 676 1998 meo<
709 1958 781 1999 illa
811 1959 856 1999 in
888 1959 1071 2012 epistula
1103 1971 1151 1999 ea
1184 1958 1234 1999 de
1266 1971 1396 1999 causa
1441 1971 1621 2000 vocasse

207 2031 448 2081 arbitratur,
493 2031 607 2084 quod
650 2030 797 2073 fuisset
843 2035 934 2072 tum
973 2032 1113 2072 animo
1147 2031 1328 2072 demisso
1361 2044 1441 2072 uec
1474 2044 1616 2072 coram

207 2103 387 2146 Lentulo
433 2103 617 2157 glorioso
664 2104 736 2144 illo
788 2103 1064 2150 ,consulatus‘
1098 2105 1271 2145 nomine
1304 2105 1367 2145 uti
1398 2105 1616 2146 voluisset:

207 2177 446 2218 modestum
486 2180 527 2218 et
556 2177 753 2230 generale
784 2175 1048 2231 ,temporum‘
1082 2177 1468 2221 voeabu1un1.eum
1498 2190 1617 2232 prae-

207 2251 368 2291 tulisse.
429 2248 513 2290 Sed
559 2247 740 2290 Vossius
785 2253 826 2290 et
870 2249 1053 2291 Orellius
1101 2253 1141 2291 et
1184 2263 1331 2292 omnes
1368 2251 1498 2292 ceteri
1535 2251 1619 2291 viri

210 2323 285 2376 qui
308 2334 456 2362 eorum
474 2323 727 2363 sententiam
759 2326 1000 2377 sequuntur
1032 2335 1118 2363 non
1151 2327 1264 2364 recte
1294 2323 1482 2364 iudicare
1512 2323 1620 2364 mihi

208 2395 423 2436 videntur.
515 2392 580 2435 De
622 2398 843 2436 retractato
887 2396 1075 2436 carmine
1135 2396 1221 2436 iam
1268 2399 1391 2437 antea
1437 2396 1618 2448 condito,

211 2480 322 2521 quae
353 2470 418 2508 est
440 2467 650 2508 sententia
668 2466 808 2521 Vossi,
840 2469 1015 2522 cogitari
1032 2481 1118 2509 non
1136 2471 1285 2522 potest.
1348 2468 1392 2510 Si
1415 2470 1528 2510 enim
1550 2482 1620 2510 re-

210 2543 439 2591 tractasset,
474 2543 586 2580 certe
619 2540 799 2581 dixisset
832 2539 978 2582 Cicero
1003 2553 1094 2582 non
1127 2542 1292 2595 ,scripsi
1329 2541 1484 2595 etiam‘,
1544 2543 1618 2584 sed

209 2613 444 2669 ,retractavi
491 2612 643 2655 etiam&
720 2613 871 2667 Neque
918 2615 1043 2655 etiam
1089 2613 1271 2668 intelligi
1331 2618 1481 2670 potest,
1543 2627 1623 2655 cur
