1813 2972
853 112 907 152 47

171 228 416 271 aOicerone
448 233 610 270 oratore
642 230 864 271 conditum
896 241 990 271 csse
1023 231 1184 284 putant,
1212 228 1285 268 sed
1318 242 1340 268 a
1376 228 1587 270 M.Tu11io

170 301 346 355 Laurea,
378 301 471 343 eius
502 301 666 355 liberto,
698 315 825 356 quem
857 301 966 342 illud
995 301 1136 356 poesis
1167 312 1303 354 genus
1348 301 1588 341 excoluisse

171 375 339 417 Plinius
373 373 444 430 (N.
480 374 534 416 H.
569 375 636 417 31.
675 373 730 430 7.)
763 377 954 416 testatur.
1020 372 1103 414 Sed
1135 373 1220 413 iam
1254 384 1383 426 supra
1415 372 1472 426 (p.
1498 373 1587 426 28.)

173 448 377 501 diximus,
410 449 470 489 eis
501 448 619 501 locis,
658 447 734 488 ubi
774 446 1049 501 praenomine
1082 458 1168 486 non
1218 445 1410 498 apposito
1444 443 1588 485 Cicero

171 520 355 574 affertur,
388 524 596 562 oratorem
627 519 957 574 intelligendum
979 530 1091 560 esse:
1126 530 1265 571 neque
1288 517 1413 558 etiam
1436 516 1588 558 liberto

169 593 232 634 illi
277 606 516 649 cognomen
563 591 752 643 ,Cicero³,
785 593 859 633 sed
905 604 1063 633 nomen
1109 590 1269 645 gentile
1316 592 1482 630 tantum
1531 589 1590 643 (et

166 665 445 721 praenomen)
479 666 561 708 sibi
598 666 747 708 indere
778 665 912 706 licuit.

319 738 441 788 Quod
471 739 644 793 Tollius,
677 738 952 780 Burmannus
985 738 1143 791 aliique
1174 748 1250 790 pro
1283 733 1450 789 ,Vetto‘‚
1477 735 1589 788 quod

124 843 130 848 .
169 825 325 869 nomen
371 813 546 853 omnino
594 812 787 866 ignotum
838 816 912 865 est,
945 809 1106 865 ,Varro³
1157 810 1304 864 legunt
1349 811 1589 862 putantque

135 884 416 926 ⁰Ciceronem
447 885 634 927 illusisse
656 884 866 926 Varronis
898 884 1202 938 etymologiam
1235 881 1450 936 quandam
1474 881 1590 922 vocis

168 957 331 1010 ‚fundi‘,
365 959 481 999 omni
513 957 808 1012 probabilitate
840 962 964 1000 caret.
1036 956 1241 998 Varronis
1288 954 1404 996 enim
1451 953 1591 994 adhuc

168 1034 332 1072 servata
366 1031 623 1085 etymologia
655 1034 718 1072 est
749 1032 851 1072 haec
884 1029 954 1087 (cf.
987 1030 1124 1071 Varro
1157 1029 1207 1070 de
1239 1028 1266 1070 l.
1296 1026 1343 1068 L.
1368 1026 1432 1069 ed.
1457 1025 1590 1067 Andr.

169 1102 366 1157 Spengel.
417 1103 540 1145 1885.
581 1103 650 1146 lib.
693 1103 746 1146 V.
794 1104 818 1157 ξ
866 1104 976 1158 37.);
1031 1115 1143 1157 ,ager
1194 1100 1309 1156 quod
1362 1099 1590 1143 videbatur

169 1176 383 1230 pecudum
415 1189 463 1218 ac
495 1179 701 1231 pecuniae
733 1189 824 1218 esse
855 1177 1194 1227 fundamentum,
1228 1172 1413 1227 ‚fundus‘
1449 1173 1588 1214 dictus

170 1252 254 1302 aut,
301 1249 415 1303 quod
451 1249 593 1290 fundit
640 1254 850 1304 quotquot
897 1250 1020 1290 annis
1066 1246 1229 1290 multa}
1305 1245 1458 1300 Neque
1503 1257 1590 1286 cre-

170 1320 299 1362 dibile
330 1324 407 1375 est,
439 1321 521 1363 alio
555 1323 741 1377 quodam
774 1323 866 1364 loco
898 1322 1137 1364 Varronem
1168 1321 1286 1362 illam
1331 1332 1355 1360 a
1389 1305 1591 1360 Cicerone

169 1394 337 1435 irrisam
371 1395 671 1449 etymologiam
705 1396 915 1448 docuisse,
944 1409 1070 1450 quam
1094 1395 1179 1436 illis
1212 1392 1379 1435 duabus
1413 1392 1592 1433 servatis

169 1467 343 1508 omnino
375 1480 612 1522 repugnare
644 1470 746 1510 satis
777 1472 906 1523 patet.

319 1539 426 1582 Mire
474 1541 786 1595 quodammodo
840 1555 919 1583 nec
971 1543 1117 1583 minus
1163 1542 1322 1582 iniuste
1369 1539 1590 1590 Pithoeus,

169 1611 642 1666 Tollius,Burmannus
674 1628 774 1656 cum
806 1615 880 1661 illo
903 1615 1205 1669 epigrammate
1236 1614 1283 1653 in
1314 1625 1453 1653 unum
1491 1624 1591 1652 con-

170 1685 359 1740 iungunt
404 1687 521 1728 aliud
564 1689 779 1742 quoddam
832 1687 904 1744 (cf.
954 1687 1146 1729 Diomed.
1195 1685 1249 1727 Π.
1296 1700 1335 1740 p.
1378 1685 1478 1726 461.
1511 1685 1591 1736 21;

172 1757 334 1801 Charis.
367 1759 444 1802 IV.
478 1774 518 1815 p.
553 1761 652 1803 275.
687 1762 799 1815 23.):

321 1836 568 1886 ,extractam
599 1839 729 1889 puteo
762 1835 932 1876 situlam
968 1835 1043 1888 qui
1089 1834 1210 1889 ponit
1251 1833 1298 1873 in
1344 1832 1479 1885 horto‚

315 1905 498 1947 ulterius
530 1907 673 1948 standi
703 1921 788 1950 non
822 1908 951 1950 habet
980 1909 1072 1962 ipse
1103 1905 1275 1948 locum.t

173 1976 476 2033 Praeterquam
522 1981 649 2034 enim,
701 1982 816 2036 quod
861 1982 947 2022 duo
999 1981 1306 2035 epigrammata
1355 1979 1403 2019 in
1453 1991 1590 2019 unum

175 2053 319 2092 coacta
350 2064 567 2106 nusquam
599 2054 840 2107 traduntur,
887 2055 1007 2109 prius
1045 2053 1154 2095 illud
1186 2053 1361 2106 dictum,
1394 2055 1441 2093 ut
1472 2051 1590 2106 Spal-

174 2124 349 2179 dingius
379 2128 492 2166 recte
524 2125 577 2166 ad
610 2125 788 2175 Quintil.
823 2127 944 2169 VIII.
987 2128 1026 2169 6.
1071 2128 1138 2168 73.
1172 2126 1355 2179 adnotat,
1402 2126 1468 2166 vis
1515 2125 1590 2166 ali-

176 2201 383 2251 quantam
435 2201 599 2252 partem
653 2201 875 2254 amitteret,
919 2214 1017 2242 cum
1061 2201 1298 2254 insequens
1330 2200 1591 2254 epigramma

173 2269 311 2311 multo
342 2270 483 2313 levius
516 2275 557 2313 et
586 2273 731 2315 mitius
763 2275 818 2316 sit
850 2287 979 2328 quam
1010 2273 1274 2315 antecedens.

317 2342 489 2385 Invenit
520 2345 631 2386 illud
653 2347 914 2402 epigramma
946 2346 1274 2388 Ciceronianum
1297 2344 1588 2394 Quintilianus

177 2415 235 2468 ,in
267 2416 453 2470 quodam
482 2419 661 2460 ioculari
706 2419 878 2463 libello.g
940 2419 1054 2462 Num
1100 2420 1137 2461 is
1181 2433 1206 2460 a
1252 2417 1453 2460 Cicerone
1497 2419 1589 2472 ipso

174 2490 445 2544 conscriptus
476 2492 544 2544 sit,
575 2504 630 2534 ex
663 2491 920 2541 Quintiliani
964 2492 1109 2534 verbis
1142 2503 1251 2546 quae
1284 2493 1428 2533 minus
1476 2494 1591 2533 certa

178 2564 279 2602 sunt
310 2562 429 2607 effici.
460 2577 546 2606 non
578 2568 728 2619 potest.
789 2565 881 2607 Nec
915 2578 1013 2607 vero
1060 2566 1148 2607 scio
1180 2577 1234 2605 an
1280 2564 1389 2606 liber
1434 2564 1589 2606 intelli-

174 2633 343 2687 gendus
376 2636 442 2691 sit,
472 2638 518 2679 in
551 2651 635 2694 quo
668 2639 720 2680 ab
753 2639 835 2680 alio
865 2636 1300 2693 quodamCiceronis.
1321 2637 1455 2679 facete
1478 2636 1590 2678 dicta-
