1813 2972
789 99 843 141 27

111 216 398 258 adulescentia
427 218 471 258 in
521 230 656 272 eaque
697 220 808 260 inter
852 232 887 260 a.
923 217 1122 266 86—83.,
1154 218 1181 257 i.
1215 230 1247 258 e.
1275 218 1384 258 inter
1420 218 1523 259 Mari

111 292 288 331 mortem
323 293 364 331 et
395 288 536 331 Sullae
569 303 623 332 ex
657 291 835 333 Graecia
879 291 1063 332 reditum
1103 290 1384 342 compositum
1418 303 1520 332 esse.

254 361 449 403 Carmina
483 376 592 417 quae
636 363 773 404 adhuc
806 363 993 415 tractavi,
1033 363 1122 403 sive
1156 360 1270 415 quod
1310 361 1361 401 aa
1396 361 1523 403 Grae·

114 447 261 476 corum
304 435 500 489 exempla
545 439 769 477 recurrunt
815 436 903 476 sive
963 434 1076 489 quod
1118 434 1232 488 apud
1278 434 1522 475 Ciceronem

112 509 254 562 ipsum
299 508 454 550 indicia
502 521 585 563 quo
632 511 820 562 tempore
863 510 950 550 sint
991 507 1181 548 confecta
1231 507 1524 559 inveniuntur,

113 582 204 623 eius
237 581 554 622 adulescentiae
593 581 781 622 attribui.
846 581 1054 622 Venimus
1097 592 1213 621 nune
1251 580 1305 620 ad
1337 581 1523 620 carmina
1567 611 1719 637 ,ΜΗἹΜΒ

114 654 344 708 posteriore
376 654 470 694 eius
503 656 638 694 aetate
669 657 765 708 post
796 653 981 695 reditum
1025 666 1079 695 ex
1125 652 1301 694 Graecia
1334 652 1525 706 Asiaque
1538 656 1712 724 '1—1':..‡

115 727 294 768 condita.
528 760 531 763 .
1538 736 1750 778 ᾟΤ·

257 799 319 839 Ac
365 799 551 853 primum
597 799 769 852 quidem
813 800 864 840 de
904 800 1090 840 carmine
1124 798 1239 853 quod
1271 799 1523 852 inscriptum

115 875 204 914 erat
237 870 412 924 ,Limon‘
447 883 572 925 agere
604 872 708 912 mihi
740 871 877 913 liceat.
944 871 1078 913 Cuius
1116 872 1324 926 poematis
1357 871 1525 912 nullum

114 945 199 985 nisi
231 957 367 985 unum
401 945 692 986 testiinonium
725 946 909 986 occurrit
941 945 1052 999 apud
1077 945 1330 987 Suetonium
1363 945 1407 984 in
1440 945 1526 984 vita
1594 956 1700 981 Limon.

113 1016 280 1058 Terenti
321 1018 369 1070 5.,
412 1017 484 1058 ubi
519 1018 620 1058 haee
652 1018 870 1072 leguntur:
936 1017 1094 1071 ,Cicero
1138 1019 1182 1058 in
1214 1015 1398 1058 Limone
1431 1017 1526 1058 hac-

114 1093 240 1132 tenus
273 1090 437 1131 laudat:

257 1163 329 1216 ,Tu
362 1176 534 1217 quoque
567 1165 643 1217 qui
674 1163 793 1204 solus
826 1163 932 1204 lecto
966 1175 1174 1214 sermone,
1204 1163 1384 1216 Terenti,

257 1248 508 1277 conversum
542 1248 878 1290 expressumque
911 1235 1059 1277 Latina
1104 1249 1206 1277 voce
1240 1235 1524 1276 Menandrum

257 1309 301 1348 in
334 1308 525 1349 medium
558 1308 682 1349 nobis
715 1309 873 1351 sedatis
906 1308 1093 1350 motibus
1127 1308 1262 1361 affers,

259 1380 460 1435 quiddam
484 1393 602 1422 coine
624 1381 806 1435 loquens
828 1385 956 1436 atque
979 1383 1122 1423 omnia
1144 1382 1286 1422 dulcia
1307 1380 1525 1423 miscens}

257 1453 467 1494 Nonnulli
519 1466 676 1495 nomen
730 1454 906 1507 ,Limon‘
956 1458 1134 1496 mutant.
1214 1454 1344 1496 Velut
1391 1454 1526 1495 Andr.

115 1525 331 1568 Sehottius
364 1527 490 1578 (,uodi
513 1525 657 1569 Cicer.t
691 1527 715 1567 l.
740 1527 820 1569 III.
847 1540 878 1568 c.
907 1528 959 1567 10
983 1541 1022 1581 p.
1050 1528 1161 1577 352.)
1195 1527 1358 1568 mavult
1389 1527 1528 1580 legere

117 1599 172 1651 ,iu
205 1598 392 1650 Libone‘‚
425 1601 483 1641 ita
516 1604 563 1641 ut
595 1612 766 1641 carmen
799 1601 852 1640 ad
882 1600 1126 1641 Terentium
1159 1598 1363 1641 Libonem
1398 1612 1530 1654 quen-

117 1672 213 1713 dam
246 1671 542 1727 Fregellanum
576 1676 746 1727 spectet,
782 1672 980 1727 Ungerus
1015 1671 1359 1724 (,subsicivorum
1392 1673 1530 1726 capita

116 1744 208 1785 tria<
242 1744 485 1786 Brandenb.
517 1744 623 1786 Nor.
661 1746 786 1787 1854.
822 1759 860 1800 p.
886 1747 944 1799 3.)
978 1746 1174 1800 proponit
1197 1746 1252 1797 ,in
1275 1744 1409 1786 Lino.<
1447 1744 1529 1786 Sed

117 1818 290 1858 omnino
324 1830 408 1858 non
442 1818 699 1860 mutandum
737 1821 811 1860 est.
874 1817 1052 1868 ,Limon‘
1092 1819 1259 1872 saepius
1296 1818 1427 1859 libros
1466 1819 1530 1859 in-

118 1891 294 1944 scriptos
338 1890 470 1932 fuisse
508 1895 720 1933 testantur
752 1890 918 1932 Plinius
951 1890 1024 1944 (N.
1057 1890 1109 1930 H.
1141 1891 1270 1944 praef.
1305 1892 1328 1944 ξ
1363 1892 1447 1943 24.)
1490 1894 1531 1932 et

120 1961 280 2004 Gellius
312 1962 379 2018 (N.
412 1965 461 2005 A.
495 1964 626 2019 praef.
659 1964 784 2018 §6.),
819 1965 892 2018 qui
925 1963 1082 2005 ibidem
1106 1964 1238 2004 multa
1261 1965 1343 2005 alia
1375 1964 1531 2005 similia

118 2039 159 2076 et
189 2035 349 2078 Graeca
371 2041 411 2078 et
433 2036 585 2078 Latina
608 2037 780 2078 nomina
804 2036 1000 2078 afferunt.
1033 2036 1258 2078 Praeterea
1281 2036 1531 2090 Pamphilus

117 2111 421 2163 grammaticus
452 2109 776 2151 Alexandrinus
819 2109 887 2162 (cf.
928 2109 1079 2151 Suidas
1121 2122 1155 2151 s.
1193 2123 1231 2151 V.
1271 2107 1530 2167 Πάμφιλος)

121 2195 228 2236 opus
260 2183 333 2223 illo
366 2182 491 2223 titulo
524 2182 712 2237 praefixo
737 2184 1002 2237 conscripsit.
1064 2183 1106 2223 A
1136 2182 1342 2224 Romanis
1374 2195 1530 2223 nomeu

118 2254 227 2295 illud
259 2259 475 2310 receptum
508 2256 561 2296 ad
593 2256 770 2297 verbum
805 2269 907 2297 voce
941 2255 1076 2311 ,prati‘
1109 2255 1323 2297 redditum
1364 2262 1438 2307 est,
1477 2254 1528 2295 cf.

122 2326 227 2369 Gell.
272 2329 299 2369 1.
349 2341 394 2382 e.,
441 2332 481 2369 et
518 2328 772 2370 Suetonium
816 2333 966 2370 notum
1013 2332 1076 2370 est
1121 2330 1259 2370 maius
1317 2327 1531 2382 quoddam

124 2412 228 2454 opus
253 2402 311 2442 ita
332 2402 612 2455 inscripsisse.
664 2401 721 2442 Ut
743 2414 799 2442 ex
821 2402 863 2441 vi
886 2401 1017 2454 verbi,
1039 2398 1212 2455 λειμών(
1247 2401 1326 2454 vel,
1348 2399 1530 2455 pratum‘

126 2474 421 2515 coniciendum
455 2478 528 2527 est,
573 2474 722 2515 talium
775 2473 980 2515 librorum
1029 2477 1333 2529 argumentum
1375 2473 1534 2514 diversi

126 2548 167 2586 et
196 2547 303 2587 varii
333 2548 503 2601 generis
536 2550 626 2588 erat
659 2545 726 2602 (cf.
762 2546 878 2589 Suisl.
921 2547 948 2587 l.
987 2560 1018 2587 e.
1061 2547 1112 2588 de
1151 2546 1366 2600 Pamphili
1403 2545 1529 2586 libro:

126 2615 232 2671 ,ἔστι
270 2617 316 2661 δὲ
365 2618 581 2663 ποικίλων
631 2616 865 2678 περιοχήᾞζ
939 2618 1090 2673 Neque
1132 2617 1413 2673 improbabile
1459 2622 1530 2669 est,

1583 560 1710 583 samnitia
