1813 2972
844 146 897 186 50

161 264 308 306 consul
341 263 546 305 suffectus
576 276 651 318 per
682 276 736 304 ne
768 275 904 303 unum
937 262 1112 316 quidem
1144 262 1256 304 diem
1286 263 1366 304 hoc
1398 274 1578 304 munere

160 337 334 378 functus
382 339 458 378 est.
521 336 749 390 Complura
796 336 922 376 etiam
970 333 1187 376 Ciceronis
1241 334 1353 376 dicta
1401 335 1451 376 de
1499 335 1578 375 hoc

162 410 294 450 unius
328 408 412 449 diei
444 408 618 449 consule
665 410 835 450 exstant
881 406 995 462 apud
1027 406 1294 448 Macrobium
1337 409 1411 448 sat.
1445 406 1502 447 II.
1539 407 1578 448 3.

165 482 208 533 6;
258 481 354 522 VII.
404 482 440 522 3.
484 481 563 533 10„
610 480 721 534 apud
767 479 1024 522 Trebellium
1072 479 1309 520 Pollionem
1352 479 1395 519 in
1444 478 1578 519 Mario

163 555 337 608 triginta
368 556 652 605 tyrannorum
675 554 852 607 septimo
884 567 922 607 p.
945 551 1044 594 499.
1077 552 1143 594 ed.
1167 551 1266 593 Obr.
1288 551 1404 592 Illud
1436 554 1579 592 autem

164 627 424 681 epigramma
471 636 556 665 non
605 637 628 664 a
661 623 864 666 Cicerone
908 626 999 678 ipso
1032 623 1312 678 compositum
1346 635 1439 665 esse
1468 624 1580 665 veri-

164 699 302 740 simile
336 701 410 750 est,
447 696 520 737 sed
554 710 576 737 a
608 697 842 737 recentiore
875 697 1073 750 quodam,
1119 696 1193 750 qui
1224 694 1413 736 Macrobi
1450 694 1581 736 verba

164 770 257 826 (sat.
289 770 345 812 ΙΙ.
384 771 422 811 3.
457 767 513 825 6.)
556 769 707 822 ,dicere
738 773 954 823 praeterea
991 781 1078 809 non
1117 769 1292 809 destitit:
1333 767 1581 822 vigilantem

162 843 369 884 habemus
401 842 618 883 consulem
652 841 892 894 Caninium,
926 841 998 894 qui
1029 841 1075 881 in
1103 840 1330 882 consulatu
1361 854 1440 882 suo
1472 853 1582 881 som-

165 928 269 955 num
287 927 375 954 non
388 914 507 955 vidit<
531 914 651 954 nulla
669 926 772 955 voce
795 914 879 955 nisi
904 913 1007 966 ,suo‘
1026 914 1282 967 transposita
1297 917 1337 954 et
1352 926 1457 954 voce
1478 912 1580 967 ,qui³

165 987 300 1028 deleta
331 987 377 1027 in
402 987 509 1027 duos
535 988 746 1027 trimetros
770 985 973 1027 iambicos
1009 986 1163 1026 divisit.
1188 985 1268 1027 Sed
1293 985 1581 1027 Marcrobium

164 1061 304 1114 ipsum
336 1059 625 1113 rhythmicum
667 1058 896 1100 verborum
935 1058 1128 1100 ordinem
1169 1059 1343 1099 omnino
1385 1057 1583 1112 effugisse

164 1132 233 1173 vel
271 1132 370 1173 inde
403 1136 588 1186 apparet,
613 1132 729 1186 quod
761 1131 943 1173 eundem
975 1131 1191 1172 Ciceronis
1222 1132 1365 1172 iocum
1387 1133 1461 1171 sat.
1483 1129 1584 1173 VII.

168 1207 204 1246 3.
230 1205 296 1246 10.
330 1205 395 1245 his
423 1204 567 1246 verbis
584 1204 738 1246 reddit:
771 1204 1134 1258 ,vigilantissimus
1167 1205 1229 1244 est
1257 1203 1406 1244 consul
1427 1205 1584 1253 noster,

166 1279 240 1332 qui
270 1279 317 1318 in
349 1278 574 1319 consulatu
606 1290 683 1319 suo
708 1291 909 1318 somnum
942 1290 1027 1318 non
1058 1275 1191 1317 vidit.t
1237 1275 1417 1317 Duobus
1441 1278 1584 1316 autem

166 1351 271 1392 locis
304 1351 343 1391 ei
377 1354 474 1392 ante
507 1350 653 1392 oculos
686 1350 910 1391 obversata
942 1363 1032 1391 esse
1047 1350 1252 1391 ridentur
1278 1349 1351 1390 illa
1368 1348 1584 1390 Ciceronis

166 1425 301 1478 ipsius
335 1422 405 1478 (ad
444 1423 541 1465 fam.
595 1421 695 1463 VII.
736 1423 803 1465 30.
851 1423 909 1476 1.)
942 1424 1012 1475 ,ita
1049 1421 1225 1463 Caninio
1264 1421 1437 1463 consule
1480 1421 1584 1462 scito

166 1497 382 1538 neminem
414 1495 655 1550 prandisse3
705 1495 811 1536 nihil
843 1500 986 1537 tamen
1018 1508 1066 1536 eo
1089 1495 1264 1537 consule
1294 1494 1396 1535 mali
1425 1493 1584 1534 factum

168 1574 251 1622 est3
290 1569 371 1610 fuit
404 1569 516 1610 enim
549 1568 726 1609 mirifica
765 1569 984 1623 vigilantia
1018 1569 1094 1623 qui
1125 1581 1204 1610 suo
1243 1571 1328 1608 toto
1361 1565 1586 1608 consulatu

167 1655 367 1684 somnum
400 1654 486 1683 non
520 1640 702 1683 viderit}

309 1713 375 1755 Ita
405 1715 537 1767 igitur
569 1726 666 1754 cum
698 1726 766 1755 res
803 1727 848 1755 re
888 1714 1054 1767 habeat,
1093 1714 1186 1754 iure
1217 1713 1304 1753 iam
1343 1711 1394 1752 ab
1429 1710 1586 1752 Orellio

170 1788 276 1828 illud
309 1788 571 1842 epigramma
605 1785 797 1827 Ciceroni
828 1786 1122 1828 abiudicatum
1155 1798 1296 1840 neque
1328 1798 1352 1825 a
1384 1783 1426 1825 C.
1448 1782 1494 1824 F.
1517 1782 1585 1825 W.

170 1860 379 1902 Muellero
403 1860 448 1900 in
476 1859 707 1900 editionem
729 1863 944 1914 receptum
968 1863 1044 1901 est.
1094 1859 1292 1900 Baiterus
1315 1859 1347 1898 Sc
1367 1856 1587 1909 Kayserus

171 1937 314 1974 autem
348 1931 419 1989 (cd
454 1931 537 1973 Cic.
573 1946 613 1973 v,
645 1931 723 1973 XI.
756 1946 795 1986 p.
834 1933 951 1986 137.)
1001 1937 1041 1974 et
1087 1932 1331 1987 nuperrime
1374 1929 1588 1971 Baehren-

172 2007 261 2047 sius
293 2005 460 2060 (fragm.
494 2009 603 2059 poet.
637 2004 759 2046 Rom.
810 2019 847 2059 p.
889 2003 1007 2060 304.)
1056 2005 1314 2059 epigramma
1361 2003 1453 2044 sine
1500 2001 1589 2043 ulla

175 2078 440 2120 dubitatione
473 2078 584 2118 inter
615 2077 852 2132 fragmenta
884 2077 1161 2119 Ciceroniana
1192 2076 1386 2118 afferunt.

0 2176 144 2209 ngujiloci
315 2150 375 2192 Ut
407 2154 491 2192 tota
524 2151 710 2191 carmina
744 2149 917 2204 Graeca,
955 2151 1014 2191 ita
1045 2150 1236 2204 singulos
1271 2161 1444 2203 quoque
1474 2147 1590 2189 locos

0 2213 125 2273 ΞΐξίξξῗΧ
173 2228 394 2279 poetarum
428 2222 689 2264 Graecorum
721 2222 866 2264 Cicero
903 2224 950 2263 in
981 2221 1181 2264 Latinum
1213 2222 1444 2264 transtulit.
1504 2220 1590 2261 Im-

0 2284 118 2310 ⁰¹²m⁵³'
173 2297 322 2352 primis
355 2309 410 2337 ex
439 2295 627 2337 Homero
661 2299 701 2336 et
731 2295 869 2337 tribus
900 2296 986 2337 illis
1018 2297 1188 2351 tragicis
1220 2295 1439 2346 convertit,
1470 2307 1592 2348 prae-

118 2377 125 2382 ·
174 2375 289 2410 terea
320 2369 403 2410 alia
436 2381 606 2424 quoque
637 2370 768 2421 varia,
815 2373 862 2410 ut
899 2369 1006 2410 illud
1039 2367 1273 2410 Simonidis
1305 2369 1350 2408 in
1379 2370 1590 2409 trecentos

175 2441 533 2483 Lacedaemonios
548 2443 806 2496 epigramma
820 2447 859 2483 et
874 2443 1095 2484 oraculum
1116 2441 1225 2483 illud
1240 2440 1393 2482 Croeso
1416 2440 1591 2481 editum.

315 2514 537 2557 Heusdius
583 2514 627 2571 (l.
661 2528 695 2556 c.
727 2528 765 2569 p.
801 2513 886 2570 25.)
920 2517 1171 2570 suspicatur,
1216 2514 1445 2555 consilium
1493 2525 1592 2554 eum

176 2589 333 2639 iniisse,
371 2591 506 2629 totum
538 2588 776 2643 Homerum
808 2586 957 2628 Latine
988 2588 1182 2629 reddere:
1222 2600 1327 2628 num
1359 2587 1594 2641 perfecerit,

178 2662 308 2702 statui
355 2673 439 2701 non
477 2674 611 2716 posse.
674 2660 801 2702 Unde
832 2661 910 2701 hoc
943 2661 1134 2714 coniciat,
1179 2673 1267 2701 non
1298 2660 1446 2714 liquet.
1509 2659 1594 2702 Sed
