1813 2972
855 99 909 139 23

179 229 266 271 pax
299 215 611 270 quodammodo
638 215 833 256 restituta
873 218 913 256 et
946 214 1149 255 memoria
1177 213 1383 253 scelerum
1408 214 1507 252 anni
1527 212 1593 253 87.

181 289 400 342 aliquanta
432 300 453 328 e
488 292 604 340 parte
638 288 851 328 exstincta
899 291 963 328 est
1010 286 1081 340 (cf.
1116 283 1371 326 Mommsen.
1432 285 1594 325 Histor.

178 359 297 401 Rom.
331 358 349 390 5
375 359 491 400 v.11.
525 374 561 414 p.
600 359 729 411 320.)
794 358 1027 409 Praeterea,
1061 362 1107 398 ut
1138 361 1287 397 notum
1320 360 1395 408 est,
1427 358 1595 409 publica

179 433 412 474 multorum
446 432 595 473 caedes
622 431 790 472 facilius
813 443 938 484 quam
964 430 1126 483 privata
1150 428 1417 482 singulorum
1441 428 1593 468 occisio

178 505 429 559 ignoscitur.
491 502 643 557 Neque
675 503 801 543 etiam
835 502 1136 543 offendendum
1170 514 1261 542 esse
1290 500 1393 540 mihi
1417 499 1595 543 videtur,

181 578 294 632 quod
318 578 360 617 in
384 577 456 617 illo
480 576 692 630 prooemio
711 574 855 616 Cicero
889 575 939 615 ad
965 588 1112 628 poema
1134 575 1218 614 iam
1242 573 1285 613 in
1309 571 1597 612 adulescentia

180 651 467 704 conscriptum
499 648 699 688 recurrit:
735 660 833 688 nam
868 661 966 689 cum
1001 649 1093 689 eius
1126 648 1427 697 argumentum
1461 656 1482 684 e
1514 642 1597 683 Ro-

178 735 401 763 manorum
433 721 624 774 ipsorum
657 719 786 761 rebus
819 720 1112 774 depromptum
1153 720 1204 760 de
1253 719 1340 758 viro
1388 716 1597 757 excellen-

179 795 342 836 tissimo
375 797 528 847 ageret,
559 792 650 833 fieri
691 806 775 833 non
817 794 964 847 potuit,
1003 793 1109 847 quin
1154 791 1314 831 diutius
1361 791 1406 829 in
1445 787 1597 828 Roma-

177 878 331 907 norum
363 866 516 905 animis
549 870 588 905 et
620 866 824 906 memoria
856 867 1059 914 haereret,
1082 876 1223 918 neque
1256 862 1496 903 mirandum
1521 865 1596 911 est,

179 937 292 992 quod
340 939 568 991 posteriore
620 939 745 979 etiam
797 944 982 992 tempore
1033 939 1144 979 circa
1188 951 1222 977 a.
1268 936 1336 976 52.
1382 933 1597 975 Ciceronis

177 1010 422 1057 adversarii,
466 1011 509 1051 id
558 1011 669 1064 quod
704 1011 873 1052 initium
907 1010 1111 1051 librorum
1159 1010 1208 1050 de
1255 1008 1425 1061 legibus
1467 1007 1599 1056 docet,

177 1095 348 1124 carmen
382 1083 488 1124 illud
514 1083 784 1130 adhibebant,
821 1087 869 1123 ut
901 1083 952 1123 de
985 1084 1079 1124 eius
1112 1082 1360 1123 auctoritate
1393 1082 1435 1120 et
1464 1078 1599 1131 gloria

179 1156 458 1197 detraherent.
542 1156 592 1197 Id
640 1167 812 1209 quoque
858 1155 1122 1195 monendum
1171 1159 1244 1205 est,
1293 1152 1408 1206 quod
1452 1151 1597 1192 Cicero

177 1229 268 1282 ipse
299 1228 430 1269 semel
462 1232 590 1282 atque
621 1229 777 1268 iterum
810 1228 854 1267 in
895 1227 1062 1280 scriptis
1081 1247 1087 1251 ·
1107 1227 1197 1267 suis
1246 1225 1299 1266 ad
1330 1227 1488 1265 Aratea
1534 1236 1599 1264 re-

181 1301 326 1352 currit,
358 1313 467 1354 quae
500 1300 615 1341 haud
648 1301 705 1340 ita
736 1301 879 1353 magni
912 1299 1172 1340 aestimanda
1217 1299 1308 1352 ipsa
1351 1309 1522 1351 quoque
1553 1297 1599 1336 in

181 1373 471 1414 adulescentia
504 1385 710 1414 conversa
743 1376 857 1414 sunt.
919 1372 1099 1414 Accedit
1146 1371 1260 1426 quod
1305 1369 1450 1411 Cicero
1493 1369 1597 1410 adu-

180 1444 343 1486 lescens
381 1450 422 1486 et
468 1449 562 1500 post
607 1458 750 1499 usque
791 1445 843 1486 ad
884 1446 1154 1486 consulatum
1198 1444 1393 1498 populari
1439 1454 1598 1483 causae

182 1517 391 1568 studebat,
424 1519 581 1572 quippe
615 1519 689 1571 qui
722 1531 807 1559 non
839 1519 1068 1572 ignoraret,
1101 1530 1157 1569 se,
1180 1530 1278 1558 cum
1301 1515 1476 1570 ignobili
1505 1515 1598 1555 loco

182 1594 308 1631 natus
341 1594 463 1639 esset,
498 1591 679 1632 honores
729 1591 774 1631 in
819 1603 864 1631 re
902 1590 1072 1644 publica
1105 1603 1191 1630 non
1223 1590 1308 1630 nisi
1339 1587 1495 1642 populo
1529 1587 1600 1627 ad-

183 1664 370 1715 iuvante,
426 1664 499 1716 qui
552 1665 824 1717 magistratus
877 1666 1048 1716 crearet,
1107 1666 1443 1709 consecuturum
1497 1671 1600 1701 esse.

185 1736 410 1777 Praeterea
448 1739 536 1776 erat
566 1736 784 1790 popularis
827 1737 1185 1790 propinquusque
1217 1736 1335 1787 Mari,
1368 1738 1408 1775 et
1441 1736 1602 1787 quanta

184 1808 464 1849 admiratione
495 1808 667 1850 victoris
701 1808 971 1849 Cimbrorum
1011 1809 1258 1862 patriaeque
1291 1806 1600 1848 conservatoris

185 1883 316 1920 totam
350 1892 425 1934 per
457 1881 589 1921 vitam
621 1881 814 1922 imbutus
845 1881 988 1934 fuerit,
1018 1881 1220 1935 permulti
1251 1881 1334 1920 loci
1356 1892 1411 1921 ex
1433 1879 1600 1932 scriptis

186 1953 278 1993 eius
309 1953 553 1993 testimonio
587 1959 696 1995 sunt.
773 1955 915 2008 Atque
962 1955 1091 1994 etiam
1133 1965 1295 1994 errores
1326 1953 1388 1992 illi
1421 1951 1529 1992 Mari
1561 1954 1602 1991 et

185 2037 310 2065 casus
341 2024 510 2066 mirifici
542 2027 752 2080 imprimis
791 2026 1077 2067 adulescentis
1115 2026 1336 2078 ingenium
1369 2024 1602 2065 oblectasse

185 2101 226 2138 et
258 2097 311 2137 ad
342 2110 494 2139 versus
525 2098 741 2140 faciendos
774 2099 973 2140 allexisse
1005 2099 1225 2140 iudicandi
1257 2100 1371 2139 sunt.
1434 2095 1602 2136 Deinde

183 2170 220 2211 si
261 2182 432 2210 carmen
466 2171 576 2212 inter
607 2184 642 2212 a.
677 2171 742 2212 56.
777 2175 817 2213 et
851 2173 915 2212 52.
961 2173 1247 2225 conscriptum
1295 2173 1370 2219 est,
1416 2169 1602 2223 suspicio

187 2242 501 2296 quodammodo
532 2248 740 2297 movetur,
789 2244 902 2298 quod
934 2245 1026 2285 eius
1066 2245 1110 2284 in
1145 2243 1339 2298 epistulis
1380 2242 1602 2296 permultis

187 2327 242 2356 ex
287 2315 372 2356 illis
417 2317 542 2357 annis
591 2317 634 2356 in
679 2316 816 2358 tribus
863 2329 1010 2358 earum
1050 2316 1298 2370 corporibus
1331 2315 1601 2357 exstantibus

185 2400 401 2442 nusquam
433 2390 591 2430 mentio
622 2388 679 2430 fit.
741 2388 832 2431 Nec
864 2402 965 2430 vero
999 2389 1085 2430 scio
1118 2402 1172 2429 an
1205 2389 1250 2428 in
1283 2389 1497 2442 prooemio
1528 2388 1600 2428 illo

187 2459 392 2502 librorum
426 2461 477 2501 de
508 2461 675 2516 legibus
708 2460 852 2502 Cicero
884 2463 974 2516 ipse
1007 2462 1156 2502 leviter
1186 2461 1397 2515 significet
1418 2460 1601 2500 Marium

191 2545 235 2574 se
268 2532 580 2575 adulescentem
612 2535 913 2588 composuisse,
945 2533 995 2574 cf.
1026 2533 1058 2574 Ι.
1094 2535 1129 2574 1.
1162 2536 1202 2574 4.
1222 2534 1310 2585 ,sed
1332 2537 1475 2574 tamen
1496 2545 1601 2573 non-

188 2605 300 2646 nulli
342 2606 425 2658 isti,
480 2606 570 2648 Tite
616 2611 771 2659 noster,
823 2606 987 2647 faciunt
1033 2607 1241 2660 imperite⁷
1290 2607 1364 2660 qui
1402 2606 1454 2646 in
1501 2606 1599 2646 isto
