1813 2972
890 101 945 140 14

207 218 472 260 aestimanda
526 219 612 260 sint
664 230 869 259 conversa
916 217 1220 260 Phaenomena
1273 232 1472 273 apparere
1519 220 1624 261 mihi

211 291 438 345 videtur.*)

353 364 401 405 V.
437 364 489 404 10
523 377 613 417 sqq.
645 386 702 393 —-
733 362 860 403 laudo
893 362 961 402 hic
995 365 1036 403 et
1066 361 1177 402 infra
1209 363 1348 404 maius
1378 364 1486 404 illud
1513 363 1623 418 frag-

207 441 404 479 mentum
436 461 492 466 —
525 435 651 476 habet
683 434 846 475 Cicero:

422 508 615 562 ,Inferior
660 507 788 560 paulo
837 510 900 548 est
931 507 1055 548 Aries
1105 510 1145 548 et
1187 506 1346 548 flamen
1378 506 1431 547 ad
1475 508 1623 549 Austri

421 580 666 621 inclinatior
697 582 827 632 atque
859 580 987 620 etiam
1019 580 1314 621 vehementius
1345 579 1409 619 illi

422 653 578 705 Pisces,
597 664 809 706 quorum
831 652 965 692 alter
987 653 1139 706 paulo
1162 651 1485 706 praelabitur
1507 655 1624 692 ante

421 730 461 766 et
494 726 629 779 magis
661 724 895 765 horrisonis
927 724 1155 778 Aquilonis
1186 726 1376 779 tangitur
1407 723 1510 777 alis³,

208 811 311 839 voce
329 796 773 855 προφερέστερος(
789 796 925 848 (Arat.
940 809 977 835 v.
998 795 1116 850 240.)
1134 797 1238 837 falso
1260 797 1482 838 intellecta.
1516 795 1625 836 Nam

208 875 256 912 ut
288 874 351 911 est
380 883 570 911 conexus
594 881 678 909 non
712 868 756 908 id
777 868 908 920 sidus,
941 868 1054 921 quod
1076 870 1211 922 magis
1239 869 1291 909 ad
1319 869 1626 923 septentriones

209 946 380 996 spectat,
414 942 536 982 alteri
566 940 838 995 praelabitur,
871 941 942 981 sed
961 940 1016 991 id,
1052 941 1165 994 quod
1182 942 1318 995 magis
1336 941 1389 982 ad
1406 942 1626 982 meridiem
1678 939 1682 942 ’

209 1028 383 1056 versum
429 1017 503 1055 est.
566 1013 717 1066 Itaque
757 1026 846 1054 non
885 1013 936 1054 de
967 1014 1177 1068 positione
1211 1013 1429 1054 stellarum
1461 1028 1629 1071 προφε-

209 1090 404 1143 ρέστερος
446 1086 812 1140 interpretandum
860 1090 947 1139 est,
992 1086 1066 1127 sed
1111 1086 1162 1127 de
1194 1087 1355 1127 maiore
1388 1086 1625 1140 splendore,

209 1164 255 1201 ut
301 1161 385 1200 iam
435 1159 680 1200 scholiastes
727 1163 840 1200 recte
887 1159 1059 1200 adnotat
1108 1159 1160 1199 ad
1202 1172 1242 1200 V.
1275 1159 1372 1199 239.
1434 1158 1627 1200 Eandem

208 1234 295 1273 vim
328 1232 455 1273 habet
486 1245 573 1272 vox
606 1234 948 1289 προᾳερέστερος
980 1245 1020 1273 v,
1055 1231 1153 1273 326.

353 1305 545 1347 Graviter
576 1309 723 1359 peccat
756 1304 901 1345 Cicero
936 1318 973 1345 V.
1007 1304 1124 1360 200,
1168 1303 1242 1344 ubi
1274 1303 1397 1344 Arati
1428 1297 1626 1358 ,εὗροιοι

210 1378 267 1433 (V.
315 1378 430 1432 434.)
479 1378 618 1419 reddit
662 1390 764 1418 voce
813 1376 1056 1430 ,Favoni‘.
1121 1375 1287 1416 Ventus
1336 1376 1449 1416 enim
1498 1388 1626 1429 quem

211 1451 361 1492 Graeci
402 1454 558 1492 vocant
601 1449 765 1490 Eurum
809 1449 860 1490 ab
907 1452 1005 1490 ortu
1038 1448 1136 1490 solis
1168 1451 1215 1488 ut
1248 1452 1397 1489 notum
1442 1452 1504 1490 est
1543 1449 1627 1496 flat,

207 1523 423 1565 Favonius
455 1524 499 1577 (i.
533 1535 568 1565 e.
602 1522 838 1577 Zephyrus)
883 1521 933 1563 ab
967 1534 1133 1563 occasu.
1196 1520 1358 1562 Eodem
1388 1521 1480 1562 loco
1515 1522 1623 1564 duas

208 1609 275 1637 res
322 1597 434 1637 inter
480 1608 524 1636 se
569 1598 814 1648 commutat,
861 1608 960 1636 cum
1006 1593 1204 1635 transfert
1247 1594 1307 1648 (V.
1356 1593 1454 1634 203.
1488 1593 1623 1650 sqq.):

297 1672 374 1722 ,sin
409 1680 578 1709 umeros
609 1667 749 1709 medio
782 1669 826 1708 in
858 1667 972 1709 caelo
1007 1666 1295 1708 Centaurus
1328 1666 1511 1718 habebit,

296 1743 474 1795 ipseque
507 1741 774 1781 caerulea
807 1743 1026 1781 contectus
1059 1738 1197 1780 nube
1228 1738 1399 1792 feretur,

297 1818 424 1867 atque
457 1814 603 1853 Aram
637 1814 782 1854 tenui
815 1813 1001 1867 caligans
1034 1812 1185 1852 vestiet
1217 1810 1414 1864 umbra,

297 1901 319 1927 a
352 1887 573 1941 signorum
618 1885 736 1926 obitu
781 1886 845 1926 vis
893 1888 956 1926 est
987 1884 1212 1926 metuenda
1255 1883 1457 1937 Favoni³3

208 1959 321 2013 apud
359 1960 541 1999 Aratum
586 1962 727 1999 autem
766 1957 958 1999 caerulea
999 1956 1135 1998 nubes
1173 1957 1317 2007 Aram,
1364 1954 1624 1996 Centaurum

208 2033 349 2073 tenuis
382 2032 515 2085 caligo
549 2032 654 2085 tegit
686 2030 755 2087 (cf.
791 2044 832 2072 v.
866 2031 963 2071 431.
996 2029 1122 2082 sqq).

350 2104 571 2145 Praeteiea
615 2105 868 2145 statuendus
900 2106 963 2144 est
1008 2114 1123 2143 error
1168 2115 1207 2143 v.
1243 2102 1338 2143 3οῖ,
1374 2113 1464 2155 sqq.
1525 2099 1623 2141 Duo

207 2178 349 2232 priora
381 2176 512 2217 v·e1ba
543 2190 691 2218 versus
726 2177 822 2218 3οῖ.

350 2250 589 2303 ,culmine
620 2253 664 2290 ti
677 2262 922 2290 ansverso
955 2249 1184 2290 letinentes
1216 2246 1354 2288 sidera
1384 2244 1501 2286 fulta

210 2321 281 2376 (sc.
315 2322 473 2375 singuli
514 2323 619 2363 caeli
657 2322 796 2376 orbes)
843 2322 947 2375 quid
980 2320 1060 2362 sibi
1100 2321 1233 2361 xelint
1285 2319 1361 2359 vix
1393 2319 1619 2372 quisquam

211 2394 334 2435 dicat.
396 2394 549 2448 Elapsa
582 2407 674 2436 esse
721 2395 921 2435 videntur
954 2394 1115 2434 calamo
1151 2392 1376 2441 Ciceronis,
1410 2403 1508 2432 cum
1545 2391 1620 2431 ali-

212 2470 370 2518 quanta
415 2480 515 2508 cum
567 2468 826 2522 negligentia
871 2468 1063 2508 imitatus
1111 2469 1173 2507 est
1204 2465 1397 2515 Aratum,
1447 2463 1522 2516 qui
1570 2462 1620 2503 de

209 2538 293 2578 illis
326 2538 499 2580 orbibus
545 2540 645 2581 dicit
678 2541 738 2595 (V.
774 2538 892 2595 534.)

329 2642 364 2685 >¹‘)
391 2643 535 2678 Errores
560 2643 649 2686 illos,
677 2645 746 2678 nisi
772 2655 858 2689 erro,
898 2643 1042 2678 Grotius
1080 2642 1116 2676 in
1150 2642 1377 2687 syntagmate
1408 2640 1618 2676 Arateorum

213 2702 368 2747 collegit,
396 2705 488 2747 quod
514 2705 720 2749 opusculum
746 2708 786 2740 ut
810 2705 1018 2750 inspicerem
1043 2703 1131 2738 mihi
1155 2714 1225 2737 non
1253 2701 1414 2747 contigit.
