1813 2972
874 87 928 127 30

191 214 276 242 non
309 199 413 243 satis
444 202 490 242 in
523 201 623 243 orbe
655 204 861 244 terrarum
896 203 1113 259 divolgare
1133 207 1376 257 potuerunt.
1440 206 1605 256 Quibus

193 274 244 315 de
276 275 419 316 causis
449 275 540 329 ipse
572 275 843 331 cupiditatem
876 275 1017 316 laudis
1047 275 1306 332 gloriaeque,
1344 292 1453 333 quas
1491 293 1606 321 sum-

191 359 304 388 mam
335 347 575 388 mercedem
613 348 810 389 laborum
853 348 1231 403 periculorumque
1275 353 1466 393 omnium
1514 365 1605 394 esse

193 419 462 460 existimabat
513 420 578 474 (cf.
625 433 702 474 pro
732 419 894 462 Archia
935 422 1002 462 11.
1035 420 1135 477 28),
1181 423 1335 464 satiare
1386 425 1606 467 constituit

190 492 320 546 idque
354 494 471 533 vario
503 492 642 535 modo.
717 493 912 534 Primum
945 495 1057 534 enim
1104 493 1190 535 fere
1238 495 1358 536 initio
1401 497 1503 536 anni
1536 496 1603 538 60.

193 565 545 606 commentarium
575 565 625 606 de
649 566 876 607 consulatu
907 579 985 608 suo
1007 567 1155 620 lingua
1174 566 1335 608 Graeca
1356 569 1606 623 conscripsit

193 641 233 678 et
264 638 449 691 volgavit
486 637 556 690 (cf.
597 637 650 678 ad
687 639 772 678 Att.
804 638 838 679 Ι.
877 639 942 680 19.
981 639 1066 690 10.;
1115 652 1224 693 quae
1256 641 1439 695 epistula
1471 654 1506 682 a.
1539 641 1606 682 60.

192 709 254 750 Id.
287 709 424 762 Mart„
457 713 505 751 ut
538 709 616 751 sub
649 709 778 751 finem
811 711 1084 766 adscriptum,
1128 713 1257 754 missa
1301 717 1382 768 est;
1428 714 1480 754 ad
1519 715 1608 754 Att.

192 781 224 822 I.
259 781 325 824 20.
363 783 405 836 63
437 781 493 823 11.
530 784 566 825 1.
603 784 645 834 13
688 782 801 823 Plut.
835 781 967 824 Crass.
1002 796 1036 824 c.
1081 785 1157 836 133
1187 784 1303 827 Caes.
1338 799 1371 826 c.
1413 785 1457 838 83
1493 785 1606 828 Cass.

191 853 272 895 Dio
305 855 371 895 46.
406 854 475 897 521.
509 853 583 910 4.).
646 853 811 896 Deinde
844 856 993 897 eodem
1023 856 1097 896 illo
1130 870 1241 898 anno
1276 858 1343 900 60.
1378 860 1425 899 in
1456 859 1606 900 Latino

192 929 494 968 commentario
539 928 831 982 componendo
864 932 1095 983 occupatus
1133 933 1221 970 erat
1259 931 1325 982 (cf.
1360 932 1413 972 ad
1450 933 1539 974 Att.
1571 933 1604 975 Ι.

195 1001 259 1040 19.
295 998 397 1055 10.),
428 1000 501 1041 sed
533 1004 607 1041 aut
639 1013 727 1041 non
760 1000 991 1042 confecisse
1012 1005 1189 1043 autnon
1213 1003 1395 1045 edidisse
1417 1005 1605 1057 videtum

192 1073 360 1114 nullum
395 1074 508 1113 enim
547 1074 839 1114 testimonium
883 1074 935 1115 de
982 1087 1031 1115 eo
1079 1074 1181 1115 alibi
1228 1077 1423 1130 occurrit,
1469 1090 1609 1132 neque

194 1146 318 1186 etiam
351 1158 445 1187 meo
479 1146 651 1200 quidem
684 1158 826 1199 sensu,
869 1147 905 1188 si
948 1159 1047 1188 eum
1094 1148 1167 1188 illo
1215 1152 1404 1204 tempore
1449 1149 1610 1204 publici

190 1221 297 1261 iuris
330 1219 511 1271 fecisset,
545 1233 579 1260 a.
614 1220 681 1260 56.
729 1220 773 1260 in
806 1220 988 1273 epistula
1034 1221 1088 1261 ad
1118 1219 1349 1263 Lucceium
1396 1222 1467 1277 (ad
1509 1223 1608 1267 fam.

192 1290 242 1332 V.
278 1292 342 1332 1‘2.
377 1292 431 1345 8.)
463 1292 647 1334 scribere
694 1294 850 1347 potuit:
898 1306 1034 1346 ,cogar
1076 1294 1254 1335 fortasse
1299 1294 1451 1349 facere,
1493 1297 1606 1350 quod

192 1365 391 1406 nonnulli
424 1378 549 1419 saepe
580 1365 920 1419 reprehendunt:
956 1362 1138 1407 scribam
1170 1368 1261 1421 ipse
1294 1367 1346 1409 de
1383 1381 1463 1422 me,
1497 1369 1607 1410 mul-

192 1441 331 1478 torum
374 1441 515 1479 tamen
559 1439 753 1493 exemplo
793 1442 833 1480 et
878 1438 1091 1481 clarorum
1138 1441 1326 1481 virorum
1378 1443 1448 1493 (sc.
1495 1455 1609 1484 com-

192 1512 448 1554 mentarium
479 1511 694 1565 Latinum,
727 1513 778 1554 de
811 1526 895 1566 quo
938 1516 1026 1554 tota
1055 1513 1128 1554 illa
1175 1513 1358 1567 epistula
1401 1511 1506 1566 est).‘
1540 1513 1607 1565 (cf.

193 1598 284 1639 epp.
319 1584 403 1626 Cic.
438 1584 512 1626 sel.
546 1584 609 1626 ed.
645 1584 711 1626 Fr.
731 1584 946 1626 Hofmann
981 1599 1019 1628 v,
1051 1586 1084 1628 I.
1117 1600 1156 1640 p.
1193 1587 1289 1628 101.
1323 1585 1417 1626 adn.
1460 1586 1511 1626 ad
1544 1598 1608 1640 ep.

193 1659 246 1699 ad
277 1658 375 1699 sam.
408 1657 460 1698 V.
495 1658 561 1699 12.
597 1657 668 1712 8,).

340 1730 567 1772 Praeterea
599 1730 794 1772 versibus
827 1732 968 1786 iisque
986 1732 1255 1782 hexametris,
1289 1734 1335 1772 ut
1371 1730 1611 1785 fragmenta

193 1803 435 1856 ostendunt,
480 1803 748 1844 consulatum
793 1803 1037 1846 illustravit.
1131 1803 1379 1846 Confectum
1422 1806 1485 1845 est
1527 1803 1608 1844 hoc

193 1888 363 1916 carmen
396 1890 432 1917 a.
467 1875 534 1918 60.
567 1881 662 1930 post
693 1889 882 1918 mensem
916 1876 1129 1918 Martium.
1191 1877 1243 1918 In
1276 1877 1456 1932 epistula
1493 1877 1607 1917 enim

194 1949 246 1989 ad
279 1950 364 1989 Att.
408 1948 440 1989 Ι.
491 1949 557 1990 19.
603 1948 663 1989 Id.
714 1948 832 1990 Mart.
872 1951 1026 2004 scripta
1074 1950 1097 2003 ξ
1133 1951 1199 1992 10.
1257 1950 1415 1990 indicat
1459 1962 1610 2004 poema

195 2034 239 2062 se
287 2022 560 2063 conditurum
608 2034 710 2075 esse,
755 2024 798 2063 in
848 2023 1026 2076 epistula
1074 2026 1215 2064 autem
1263 2023 1316 2063 ad
1353 2021 1533 2064 Att.11.
1568 2023 1606 2064 3.

194 2093 312 2134 brevi
347 2098 442 2135 ante
481 2107 671 2136 mensem
705 2094 961 2136 Januarium
994 2097 1095 2136 anni
1131 2097 1197 2137 59.
1241 2097 1373 2137 missa
1405 2095 1476 2149 (cf.
1511 2095 1535 2149 ξ
1570 2097 1606 2137 3.

195 2167 330 2219 ,venio
353 2180 469 2207 nunc
492 2167 543 2207 ad
576 2181 765 2209 mensem
787 2168 1046 2210 <Ianuarium
1069 2181 1100 2210 e.
1129 2182 1167 2222 q.
1198 2168 1267 2223 sf)
1290 2170 1377 2228 iam
1407 2168 1605 2210 nonnulli

191 2251 342 2279 versus
363 2239 598 2281 afferuntur
613 2239 655 2295 (ξ
673 2240 727 2295 3),
749 2254 854 2295 quos
879 2242 941 2282 illi
969 2243 1161 2296 poemati,
1191 2243 1271 2283 etsi
1302 2255 1385 2282 non
1418 2242 1605 2296 apertius

193 2311 466 2365 significatur,
514 2313 806 2355 attribuendos
839 2326 929 2355 esse
961 2318 1143 2368 apparet,
1183 2329 1268 2369 qua
1300 2315 1350 2356 de
1381 2327 1426 2356 re
1459 2327 1605 2356 omnes

194 2383 275 2423 viri
322 2384 433 2425 docti
470 2386 582 2427 inter
624 2398 668 2427 se
708 2388 992 2428 consentiunt.
1055 2388 1182 2429 Unde
1221 2387 1428 2429 Baehrius
1461 2391 1603 2429 autem

195 2455 308 2511 (hist.
341 2457 463 2498 litter.
496 2458 615 2500 Rom.
651 2473 689 2501 v,
721 2460 754 2501 I.
786 2474 824 2514 p.
857 2460 977 2515 438.)
1011 2461 1250 2514 concludat,
1286 2473 1436 2502 versus
1482 2461 1604 2506 initio

194 2528 364 2583 Graeca,
409 2534 504 2584 post
545 2536 686 2573 autem
717 2532 868 2574 Latina
898 2534 1046 2588 lingua
1079 2534 1333 2588 compositos
1371 2546 1474 2587 esse,
1511 2546 1605 2588 per-

194 2604 354 2657 spicere
387 2617 471 2645 non
504 2618 698 2659 possum:
734 2608 823 2661 ipse
854 2607 1145 2648 testimonium
1177 2619 1263 2647 non
1294 2607 1426 2660 ponit.
