1813 2972
0 87 21 114 Τ·
0 0 26 78 23⁴¹!

792 97 846 138 29

115 221 259 264 tonius
300 218 396 269 (,tho
443 217 605 269 history
655 216 699 257 of
739 216 807 256 the
853 215 924 256 life
971 213 1016 254 of
1054 212 1108 254 M.
1155 212 1317 252 Tullius
1352 212 1526 254 Cic-oro}

118 292 133 316 ²
163 292 291 334 Basil.
330 291 455 332 1790.
502 303 542 331 V.
581 290 611 331 I.
655 303 692 344 p.
736 287 823 339 16.)
866 292 907 328 ct
954 286 1173 328 Heusdius
1222 284 1269 341 (l.
1303 298 1334 325 c.
1368 299 1404 338 p.
1438 284 1528 339 49.)

119 366 275 407 volunt.
337 363 418 406 Sed
467 362 706 421 argumenti
743 361 907 401 ratione
954 359 1098 400 habita
1130 359 1270 399 nescio
1305 371 1357 398 an
1392 366 1527 399 matu-

117 440 226 480 riore
250 440 383 478 aetate
411 438 464 478 sit
487 439 619 477 ortus.
671 433 865 474 Fortasse
889 456 944 462 —
966 432 1039 474 scd
1064 432 1122 472 nil
1149 433 1230 472 nisi
1255 432 1441 484 suspicio
1466 437 1528 471 cst

117 511 379 565 argumentis
411 522 496 550 non
542 505 750 548 firmanda
780 528 836 535 —-
869 518 1036 545 carmen
1087 504 1193 545 illud
1226 506 1529 559 epigrammata

117 582 378 637 imaginibus
392 580 687 623 excellentium
705 578 892 618 virorum
913 579 1101 632 apposita
1125 579 1348 625 continuit,
1371 578 1529 631 quibus

120 656 264 698 Cicero
298 654 569 696 Amaltheum
603 653 644 692 in
676 651 848 705 praedio
882 651 1078 705 Arpinati
1119 652 1231 692 circa
1262 665 1297 692 a.
1332 650 1397 690 60.
1431 664 1530 691 con-

120 731 313 770 stitutum
345 726 478 768 Attici
524 724 769 778 exemplum
815 729 988 766 secutus
1021 737 1194 766 ornasse
1237 724 1408 764 videtur
1456 722 1529 778 (cf.

120 801 182 842 ad.
214 801 294 841 Att.
328 798 361 840 Ι.
398 799 464 840 16.
501 798 573 851 15;
607 797 662 840 ΙΙ.
700 798 735 838 1.
773 798 854 848 11.;
886 796 942 838 ΙΙ.
979 798 1016 839 7.
1051 796 1123 853 5.).

104 889 126 914 ο
259 872 481 913 Praeterea
512 870 820 925 posterioribus
854 872 978 912 annis
1011 870 1134 911 Musa
1173 871 1261 911 suis
1297 870 1432 924 ipsius
1464 882 1529 910 ra-

118 945 307 987 tionibus
354 944 630 997 consiliisque
663 943 847 984 obnoxia
895 944 1004 985 facta
1052 943 1220 984 duobus
1269 942 1530 984 carminibus

117 1030 184 1059 res
216 1030 315 1058 suas
347 1018 480 1071 ipsius
512 1016 752 1058 celebravit.
833 1017 894 1057 Ac
926 1018 1110 1071 primum
1145 1017 1195 1057 de
1227 1016 1298 1056 illo
1343 1016 1531 1056 carmine

120 1091 350 1131 dicendum
382 1093 456 1139 est,
490 1102 572 1143 quo
606 1089 874 1130 consulatum
902 1102 1029 1130 suum
1063 1089 1297 1143 descripsit.

261 1163 387 1203 Auno
421 1162 489 1204 (33.
523 1162 776 1203 circumacto
811 1161 968 1212 Cicero,
1003 1165 1048 1202 ut
1081 1165 1168 1202 erat
1200 1162 1354 1215 plenus
1398 1161 1530 1201 ambi-
1546 1168 1584 1193 00
1607 1167 1759 1193 consuhtu

1612 1211 1685 1229 mes).

120 1237 246 1276 tionis
277 1236 522 1289 gloriaeque
555 1235 718 1286 avidus,
744 1248 910 1275 summa
944 1235 1173 1288 cupiditate
1205 1235 1407 1275 incensus
1431 1238 1530 1287 erat7

119 1311 167 1348 ut
203 1307 402 1360 splendor
433 1307 682 1348 consulatus
716 1309 794 1359 sui,
834 1321 961 1362 quem
995 1306 1122 1348 Curio
1162 1303 1424 1349 ἀποθέωσιν
1456 1320 1532 1348 vo-

121 1379 243 1421 cabat
287 1379 356 1431 (of.
391 1379 443 1420 ad
476 1380 563 1420 Att.
595 1379 627 1421 Ι.
665 1379 732 1421 16.
769 1378 872 1434 13.),
919 1394 1003 1435 quo
1034 1381 1141 1421 nihil
1188 1380 1533 1434 magnificentius

122 1452 234 1506 apud
267 1452 459 1493 homines
492 1465 583 1493 esse
615 1453 704 1506 ipse
735 1454 954 1507 profitetur
987 1452 1058 1509 (cf.
1091 1454 1143 1494 ad
1165 1455 1250 1495 Att.
1285 1454 1317 1495 I.
1343 1454 1406 1494 19.
1434 1453 1534 1509 10),

123 1525 174 1565 ad
206 1525 532 1566 immortalitatis
554 1526 801 1566 memoriam
824 1530 1156 1569 consecraretur.
1221 1526 1340 1575 Quod
1360 1530 1406 1567 ut
1423 1540 1534 1568 asse-

125 1604 336 1652 queretur,
368 1597 419 1639 ab
453 1599 600 1640 amicis
635 1602 680 1639 ut
711 1599 761 1639 de
793 1598 922 1639 rebus
954 1611 978 1639 a
1010 1612 1054 1640 se
1090 1600 1135 1640 in
1158 1599 1382 1640 consulatu
1403 1600 1537 1653 gestis

125 1671 358 1712 scriberent
400 1672 559 1725 petivit,
598 1671 671 1713 sed
719 1685 743 1712 a
787 1672 1002 1726 plerisque
1048 1672 1219 1725 frustra,
1260 1676 1308 1713 ut
1355 1672 1535 1712 videtur.

124 1744 319 1795 Archias,
350 1748 473 1798 poeta
505 1745 679 1797 amicus,
712 1746 903 1798 promisit
936 1745 1122 1799 quidem,
1155 1758 1326 1786 carmen
1359 1757 1404 1786 se
1436 1757 1538 1785 con-

126 1816 314 1857 diturum
348 1829 452 1869 esse,
490 1817 622 1871 idque
663 1818 878 1859 inchoavit
925 1817 992 1872 (cf.
1036 1831 1111 1872 pro
1159 1818 1317 1859 Archia
1352 1818 1418 1859 11.
1463 1818 1538 1867 283

128 1890 196 1932 12.
237 1887 336 1944 31.),
381 1887 570 1931 finivisse
617 1896 761 1932 autem
808 1903 893 1932 non
946 1891 1115 1932 videtur
1157 1890 1229 1946 (cf.
1273 1891 1326 1931 ad
1370 1891 1458 1932 Att.
1506 1889 1539 1930 Ι.

131 1962 195 2003 16.
216 1962 280 2002 15.
299 1994 327 2014 ,.
348 1994 358 2004 .
377 1995 386 2004 .
407 1994 417 2004 .
449 1975 546 2004 cum
570 1963 750 2005 Archias
767 1964 874 2004 nihil
896 1964 946 2005 de
968 1976 1036 2004 me
1058 1963 1338 2018 scripserit‘).*
1388 1962 1542 2017 Neque

128 2036 254 2076 etiam
287 2033 448 2076 Chilius
479 2039 602 2090 poeta
634 2036 842 2078 desiderio
882 2036 1096 2078 Ciceronis
1138 2037 1344 2078 satisfecit
1382 2035 1448 2088 (cf.
1487 2035 1540 2075 ad

128 2109 214 2148 Att.
250 2107 283 2149 Ι.
332 2108 396 2148 16.
443 2106 548 2165 15.).
628 2109 947 2164 Epigrammata
993 2109 1076 2162 illa,
1125 2123 1236 2164 quae
1282 2110 1448 2150 Atticus
1497 2109 1541 2148 in

127 2180 315 2222 illustres
346 2182 472 2231 viros,
501 2183 612 2224 inter
644 2195 715 2224 eos
758 2182 804 2222 in
837 2180 1098 2235 Ciceronem,
1145 2185 1443 2237 composuerat
1489 2180 1542 2221 acl

130 2253 369 2294 ornandum
399 2251 676 2297 Amaltheum
724 2254 793 2312 (cf.
827 2255 879 2295 ad
921 2255 1007 2295 Att.
1047 2255 1080 2297 Ι.
1119 2255 1185 2298 16.
1221 2256 1320 2308 15.),
1364 2255 1542 2309 gloriam

271 2386 304 2429 *)
333 2384 515 2420 Heusdius
541 2385 578 2429 (l.
605 2397 634 2423 0.
661 2397 692 2431 p.
720 2385 792 2431 53.)
811 2385 957 2428 iudicat,
972 2384 1143 2419 Archiam
1170 2385 1364 2420 detrectato
1389 2385 1545 2430 primum

136 2456 238 2490 opere
261 2446 401 2481 exorari
427 2457 464 2481 se
489 2448 632 2482 tandem
670 2459 815 2493 passum
852 2457 941 2489 esse,
968 2446 1030 2480 sed
1067 2457 1137 2481 non
1169 2447 1435 2482 assentiendum
1477 2447 1545 2489 est3

135 2517 218 2542 nam
241 2507 390 2552 epistula
415 2509 470 2544 ad.
486 2509 600 2544 Att.1.
619 2510 670 2545 16.
686 2520 717 2544 a.
743 2510 798 2544 61.
824 2507 883 2554 (cf.
897 2519 976 2552 epp.
992 2505 1103 2541 Cicer.
1129 2507 1192 2543 sel.
1213 2508 1267 2544 ed.
1283 2509 1310 2542 F
1314 2519 1343 2544 r.
1355 2507 1545 2542 Hofmann.

137 2569 153 2594 ³
176 2568 292 2606 Berol.
316 2568 406 2608 1879
432 2582 466 2608 v.
491 2570 520 2606 Ι.
546 2581 579 2615 p.
607 2570 662 2607 29.
690 2571 770 2606 adn.
798 2570 844 2605 ad
869 2581 923 2614 ep.
934 2569 978 2604 ad
991 2567 1064 2604 Att.
1081 2567 1109 2603 Ι.
1127 2569 1196 2613 16.)
1222 2569 1356 2613 scripta
1381 2570 1435 2604 est
1467 2568 1546 2612 post

120 2630 332 2667 'orationem
357 2642 418 2677 pro
442 2630 578 2668 Archia
603 2642 634 2668 a.
661 2632 716 2669 62.
741 2624 912 2667 habitam.
