1813 2972
910 115 962 155 16

231 228 384 269 diserte
416 228 630 271 affirmari.
694 230 777 272 Sed
806 232 910 273 haec
950 235 1159 275 sententia
1204 234 1368 276 stabilis
1414 250 1505 279 esse
1551 251 1638 279 non

228 304 377 355 potest.
437 301 548 342 Nam
582 304 617 343 si
649 316 684 343 a.
719 303 786 346 60.
835 305 939 358 ipse,
981 318 1069 346 non
1117 306 1168 346 ad
1214 308 1334 348 Arati
1380 311 1639 364 exemplum,

229 373 504 427 Prognostica
545 377 877 430 conscripsisset,
918 381 1030 418 certe
1074 380 1119 419 in
1151 379 1259 420 libro
1292 379 1344 421 de
1376 381 1637 423 divinatione

229 459 263 487 a.
295 446 365 489 44.
399 448 636 501 conscripto
668 461 754 488 non
789 462 843 490 ex
862 450 994 490 Arato
1016 451 1062 490 in
1085 451 1374 493 adulescentia
1396 465 1637 506 conversos,

228 520 302 560 sed
334 533 358 560 a
390 532 435 561 se
480 520 572 573 ipso
612 533 647 561 a.
682 520 752 561 60.
796 524 1052 576 compositos
1096 536 1247 564 versus
1294 523 1366 564 ille
1413 525 1636 567 attulisset.

227 591 390 633 Versus
423 598 564 632 autem
596 592 682 633 illic
727 595 857 647 positi
901 599 949 636 ut
993 597 1130 650 primo
1177 595 1329 637 obtutu
1377 598 1480 638 satis
1523 603 1638 652 patet

227 669 422 706 accurate
453 666 619 706 Arateis
650 667 922 720 respondent.

365 735 456 777 Alii
473 741 520 778 ut
537 736 734 779 Nobbius
753 738 798 794 (l.
817 752 848 779 c.
866 753 904 793 p.
927 739 1070 795 1036.)
1089 745 1130 781 et
1144 740 1366 782 Heusdius
1383 743 1425 795 (l.
1444 755 1476 783 c.
1494 756 1531 797 p.
1550 743 1635 796 40.)

225 811 319 850 nixi
350 809 492 850 verbis
523 810 566 849 in
611 822 673 864 ep.
726 811 778 851 ad
810 812 981 853 Att.11.
1035 813 1072 854 1.
1123 813 1190 854 11.
1237 814 1295 865 (a.
1329 814 1419 868 60.)
1468 815 1636 868 scriptis

224 882 511 936 ,Prognostica
554 895 648 923 mea
695 895 791 923 cum
840 885 1116 925 oratiunculis
1148 886 1390 940 propediem
1423 885 1634 940 exspecta<

223 955 416 995 iudicant
440 953 687 995 Ciceronem
714 955 1032 997 adulescentem
1064 961 1104 998 et
1138 957 1438 999 Phaenomena
1462 963 1503 1000 et
1534 958 1636 999 Pro-

224 1028 418 1080 gnostica
450 1028 721 1080 convertisse,
752 1030 984 1082 posteriore
1017 1034 1160 1070 autem
1193 1034 1326 1071 aetate
1358 1030 1636 1083 Prognostica

225 1100 363 1141 denuo
395 1103 688 1154 pertractasse.
752 1100 835 1142 Sed
867 1114 921 1142 ne
953 1103 1031 1142 hoc
1074 1103 1246 1152 quidem
1280 1103 1510 1144 verisimile
1542 1115 1634 1145 esse

223 1173 323 1214 mihi
365 1172 545 1213 videtur.
625 1172 736 1214 Nam
784 1175 821 1215 si
865 1174 1172 1228 posterioribus
1219 1176 1343 1216 annis
1389 1189 1540 1217 rursus
1581 1176 1634 1217 ad

222 1245 502 1299 Prognostica
525 1258 751 1300 aggressus
774 1251 895 1297 esset,
929 1252 1041 1288 certe
1075 1270 1129 1277 ——
1160 1247 1203 1288 id
1231 1248 1346 1301 quod
1367 1261 1453 1287 non
1474 1248 1634 1288 factum

223 1331 314 1360 esse
346 1319 514 1359 silentio
545 1320 682 1372 ipsius
714 1323 755 1360 et
777 1323 1015 1361 ceterorum
1036 1320 1138 1361 satis
1162 1319 1398 1360 affirmatur
1419 1344 1474 1350 —
1497 1319 1633 1360 Phae-

223 1403 407 1431 nomena
454 1403 627 1445 quoque
673 1395 953 1445 retractasset,
1001 1396 1049 1433 ut
1094 1393 1166 1433 illa
1198 1405 1219 1434 e
1251 1396 1369 1446 parte
1417 1392 1530 1433 haud
1574 1392 1632 1432 ita

224 1463 333 1504 levia
375 1465 531 1505 menda
576 1469 825 1516 removeret,
874 1477 983 1518 quae
1035 1465 1125 1519 ipse
1177 1477 1349 1519 quoque
1402 1466 1631 1506 maturiore

223 1541 356 1578 aetate
387 1538 656 1591 perspexisse
686 1537 903 1591 putandus
935 1541 1009 1579 est.

363 1609 578 1651 Henricus
596 1609 803 1662 Jodanus,
830 1611 896 1650 vir
928 1610 1211 1663 doctissimus,
1242 1610 1463 1664 praecipiti
1495 1612 1628 1649 morte

221 1695 360 1737 nuper
391 1684 581 1724 omnium
615 1695 782 1723 summo
815 1694 914 1723 cum
956 1682 1099 1724 dolore
1136 1683 1286 1723 litteris
1329 1686 1370 1723 et
1417 1680 1634 1734 discipulis

221 1760 400 1809 ereptus,
435 1755 678 1796 Ciceronem
711 1754 1084 1796 adulescentulum
1117 1755 1420 1796 Phaenomena
1450 1757 1632 1804 tantum,

221 1842 255 1870 a.
292 1829 360 1870 60.
394 1829 566 1868 demum
597 1827 666 1881 (cf.
706 1827 759 1868 ad
793 1827 879 1869 Att.
912 1827 968 1869 ΙΙ.
1004 1829 1042 1870 1.
1084 1825 1170 1882 11.)
1203 1827 1478 1880 Prognostica
1508 1825 1632 1866 Arati

221 1902 478 1942 convertisse
505 1900 733 1941 arbitratus
757 1903 822 1940 est
855 1898 923 1955 (ef.
960 1899 1069 1942 Krit.
1103 1900 1231 1942 Beitr.
1262 1914 1343 1942 zur
1375 1898 1522 1940 Gesch.
1556 1897 1630 1938 der

219 1974 289 2014 lat.
324 1973 507 2027 Sprache
540 1987 578 2027 p.
614 1972 743 2025 299).
808 1972 891 2013 Sed
937 1985 983 2014 re
1023 1973 1154 2014 semel
1197 1977 1326 2027 atque
1366 1973 1522 2013 iterum
1561 1969 1632 2010 de-

218 2047 395 2087 liberata
426 2048 517 2087 viro
551 2046 805 2097 doctissimo,
837 2048 1095 2100 praeceptori
1129 2047 1415 2096 dilectissimo,
1436 2044 1505 2084 hic
1539 2042 1633 2096 qui-

219 2120 312 2161 dem
346 2120 539 2160 assentiri
573 2132 657 2159 non
689 2131 874 2172 possum.
940 2117 1062 2168 Quod
1100 2118 1245 2160 Cicero
1285 2118 1336 2159 de
1383 2119 1468 2157 nat.
1519 2115 1630 2156 deor.

219 2192 274 2234 Π.
309 2192 379 2234 41.
415 2193 510 2233 104.
546 2204 599 2232 ex
632 2191 945 2232 Phaenomenis
976 2196 1144 2233 tantum
1177 2204 1330 2232 versus
1352 2189 1471 2244 ponit
1500 2188 1631 2241 idque

218 2278 388 2307 carmen
418 2266 463 2306 in
496 2264 789 2305 adulescentia
821 2265 1108 2318 conscriptum
1140 2277 1233 2306 esse
1266 2264 1379 2315 dicit,
1408 2262 1459 2303 de
1495 2261 1629 2325 divin.

218 2342 359 2378 autem
391 2337 422 2378 Ι.
456 2338 492 2378 8.
530 2338 594 2379 13.
631 2350 686 2378 ex
716 2337 1004 2391 Prognosticis
1041 2340 1207 2378 tantum
1252 2337 1367 2377 locos
1414 2333 1533 2375 affert
1579 2333 1630 2373 de

217 2414 405 2464 tempore
438 2410 500 2450 nil
532 2409 733 2462 adiciens,
765 2422 812 2450 ea
844 2410 949 2450 mihi
982 2410 1156 2464 quidem
1186 2409 1344 2450 indicia
1375 2407 1498 2449 edere
1543 2417 1631 2446 non

218 2484 430 2535 videntur,
448 2482 726 2536 Prognostica
757 2483 979 2536 posteriori
1012 2482 1189 2523 demum·
1211 2481 1335 2523 aetati
1362 2478 1632 2521 attribuenda

217 2568 322 2597 esse.
387 2554 497 2596 Nam
529 2568 582 2596 ne
615 2555 665 2595 de
702 2555 812 2609 legg.
855 2556 1029 2609 quidem
1063 2555 1117 2596 II.
1152 2556 1188 2596 3.
1223 2554 1275 2607 7.,
1316 2552 1392 2594 ubi
1438 2551 1631 2592 Phaeno-

217 2641 343 2669 mena
389 2631 597 2669 memorat
634 2627 689 2682 (‚a
726 2627 835 2669 Jove
873 2628 1096 2669 Musarum
1133 2624 1394 2681 primordia‘,
1431 2625 1542 2666 sicut
1584 2624 1630 2664 in

1792 784 1806 834 ἑ

1788 834 1800 854 :³

1790 857 1809 902 ἱ,

1785 922 1813 965 ἐγ

1785 963 1806 998 ’.τ

1785 1019 1804 1065 Ξ

1787 1067 1806 1121 ἓ·-

1787 1130 1802 1157 ,ζ
