1813 2972
0 2163 26 2188 >e
45 2162 181 2194 tempori-

8 2200 60 2224 bus
81 2197 161 2224 meis.

884 80 938 120 34

331 199 416 243 Cic.
429 201 474 240 in
494 200 636 241 Pison.
659 199 725 239 29.
745 197 809 238 72.
833 210 931 250 sqq3
957 197 1007 237 de
1031 194 1096 236 off.
1111 195 1145 236 I.
1170 196 1323 247 22.77;
1343 195 1606 237 Pseudosall.

190 274 237 313 in
272 272 355 313 Cic.
392 273 430 314 3.
465 273 510 324 63
547 271 722 321 Quintil.
755 269 836 310 XI.
871 270 908 310 1.
944 269 1018 308 24:

331 345 495 399 ,cedant
505 358 619 386 arma
628 340 971 396 togae,ooncedat
982 341 1020 382 la
1028 353 1128 381 urea
1138 339 1612 397 laudi<[vel,linguae‘*].

332 418 509 472 Philipp.
535 417 590 459 Π.
626 418 664 457 8.
687 415 760 465 20;
784 415 1032 456 Pseudoeic.
1065 414 1111 453 in
1143 412 1242 454 Sall.
1270 413 1308 453 2.
1334 414 1378 465 7;
1413 413 1530 455 Serv.
1560 413 1613 454 ad

191 490 319 544 Verg.
357 490 460 530 Aen.
493 489 525 529 I.
567 490 603 529 1.
638 489 810 528 initium
842 501 993 529 versus
1025 486 1234 528 eiusdem:

335 562 497 615 ,cedant
529 574 646 601 arma
678 559 828 614 togae.t

334 634 405 674 Ad
452 633 643 674 eundum
691 645 864 673 versum
911 634 1127 685 spectatur
1175 630 1257 671 Cic.
1315 643 1378 685 ep.
1428 630 1481 671 ad
1513 631 1611 671 fam.

195 706 301 749 XII.
329 708 394 747 13.
421 706 458 747 1.
493 706 588 758 (,est
620 705 732 745 enim
765 708 838 745 tua
884 707 981 758 toga
1014 704 1203 744 omnium
1247 704 1374 744 armis
1415 702 1610 758 felioior³)

194 783 236 820 et
267 779 378 820 Plut.
415 791 549 831 comp.
589 776 710 818 Dem.
745 779 785 817 et
824 775 908 816 Cic.
949 776 987 815 2.
1028 771 1120 827 (ὡς
1161 772 1214 816 τὰ
1261 771 1377 817 ὅπλα
1425 774 1511 817 ἔδει
1562 776 1613 833 τῇ

194 849 380 908 τηβέννῳ
413 848 487 892 καὶ
513 851 564 907 τῇ
587 847 753 905 γλώττῃ
781 845 858 904 ’τὴν
880 844 1154 904 θριαμβικὴν
1176 843 1372 889 ὑπείκειν
1394 846 1608 906 ὁάφνην“).

335 922 566 963 Tantulum
621 934 883 976 quamquam
932 924 1150 961 servatum
1197 924 1272 973 est,
1315 924 1457 962 tamen
1510 922 1612 963 satis
1671 933 1674 937 ’

196 997 336 1048 claret,
370 994 614 1036 Ciceronem
652 995 768 1034 omni
799 992 1115 1047 magnificentia
1148 994 1349 1047 omnique
1389 994 1613 1047 splendore

198 1081 271 1109 res
304 1067 544 1122 perfudisse
579 1079 708 1120 seque
741 1067 882 1121 ipsum
913 1067 1053 1120 potius
1083 1066 1208 1106 heroa
1230 1067 1341 1107 inter
1363 1066 1464 1107 deos
1487 1080 1615 1120 quam

196 1143 307 1182 inter
340 1141 533 1182 homines
567 1140 786 1181 consulem
818 1138 1009 1179 finxisse.
1075 1137 1195 1187 Quae
1240 1140 1478 1193 arrogantia
1523 1138 1617 1180 fieri

198 1226 283 1254 non
315 1214 461 1267 potuit,
497 1214 599 1267 quin
633 1213 903 1254 vehementer
943 1211 1183 1264 offenderet,
1219 1212 1426 1265 imprimis
1473 1215 1616 1253 autem

198 1289 239 1327 et
286 1285 336 1326 ab
385 1285 650 1339 aequalibus,
695 1289 741 1326 ut
784 1299 807 1326 a
855 1284 1011 1326 Pisone
1062 1287 1102 1325 et
1142 1285 1340 1336 Antonio,
1388 1288 1428 1326 et
1472 1287 1614 1339 poste-

199 1358 386 1399 rioribus
418 1357 682 1412 temporibus
716 1359 754 1398 ei
786 1370 938 1398 versus
970 1355 1046 1399 ille⁴

342 1431 506 1482 ‚cedant
538 1443 654 1470 arma.
687 1434 819 1483 togae,
841 1430 1043 1470 concedat
1074 1429 1217 1470 laurea
1248 1429 1380 1470 laudi‘

202 1502 427 1558 opprobrio
480 1502 670 1554 dabatur,
735 1515 819 1556 quo
881 1502 1142 1556 gloriabatur
1204 1515 1247 1543 se
1310 1515 1397 1544 non
1454 1503 1497 1542 vi
1544 1505 1617 1542 aut

202 1577 347 1628 armis,
379 1575 451 1616 sed
491 1575 600 1615 bona
648 1588 743 1615 oum
799 1588 901 1629 paee
958 1575 1296 1616 coniurationem
1344 1575 1616 1616 exstinxisse.

205 1648 369 1703 Quippe
403 1649 594 1688 omnium
625 1648 830 1689 memoria
862 1647 1098 1701 tenebatur,
1131 1661 1229 1689 eum
1250 1649 1361 1689 ferro
1383 1647 1512 1700 idque
1534 1659 1622 1687 om—

203 1723 303 1762 nino
338 1724 485 1762 eontra
516 1721 654 1775 legem
688 1722 877 1774 quinque
909 1720 1004 1761 illos
1039 1721 1295 1774 coniuratos,
1327 1721 1402 1775 qui
1437 1721 1482 1760 in
1531 1732 1620 1760 car-

202 1807 343 1835 cerem
377 1794 558 1834 coniecti
592 1796 723 1845 erant,
751 1807 775 1833 a
807 1793 893 1833 vita
924 1794 1170 1835 removisse.
1235 1793 1380 1835 Cicero
1411 1794 1502 1848 ipse
1533 1805 1620 1833 non

204 1868 348 1907 minus
381 1879 510 1919 quam
543 1870 606 1907 ter
640 1866 752 1920 quod
784 1865 861 1905 illo
895 1878 1021 1906 versu
1055 1866 1223 1907 dixerat
1253 1869 1297 1907 in
1331 1867 1498 1921 scriptis
1530 1866 1620 1907 suis

202 1940 311 1980 tueri
355 1942 530 1979 conatus
575 1943 651 1990 est,
701 1939 751 1979 cf.
801 1939 842 1978 in
877 1937 963 1978 Pis.
1001 1939 1069 1981 29.
1105 1939 1171 1980 72.
1215 1952 1312 1993 sqq3
1349 1939 1528 1993 Philipp.
1564 1938 1621 1980 II.

205 2014 243 2053 8.
280 2013 355 2064 203
390 2012 441 2052 de
489 2012 555 2053 off.
592 2012 625 2053 Ι.
668 2013 735 2054 22.
778 2011 842 2051 77.
881 2010 1105 2053 Praeterea
1151 2013 1195 2052 in
1243 2012 1532 2053 controversia
1577 2011 1623 2051 in

204 2085 458 2127 Sallustium
492 2086 529 2125 2.
570 2085 606 2125 7.
639 2084 762 2125 illum
800 2096 971 2125 versum
1006 2084 1237 2126 defendens
1268 2084 1456 2139 fingitur.

349 2156 500 2198 Denuo
535 2159 583 2197 ut
616 2169 763 2197 versus
797 2157 846 2198 de
889 2170 932 2198 se
976 2158 1066 2211 ipse
1094 2156 1239 2198 Cicero
1283 2158 1452 2217 faceret,
1493 2171 1622 2199 causa

207 2232 296 2274 erat
343 2230 545 2272 exsilium
590 2229 853 2283 reditusque.
909 2232 1036 2271 Anno
1069 2232 1182 2272 enim
1218 2231 1285 2273 57.
1333 2229 1512 2272 Romam
1558 2243 1623 2272 re-

207 2308 382 2346 vocatus
436 2314 704 2356 summopere
752 2301 935 2356 optabat,
983 2307 1030 2343 ut
1084 2304 1186 2344 huie
1243 2317 1413 2359 quoque
1471 2303 1622 2345 'aetatis
1659 2316 1713 2348 «ι,

347 2419 381 2465 *)
409 2418 478 2454 Cio.
506 2418 541 2452 in
562 2418 635 2453 Pis.
656 2419 711 2456 30.
737 2419 781 2452 74
807 2429 928 2453 onmes
956 2419 1071 2463 codd.⁷
1098 2420 1140 2454 de
1166 2420 1221 2455 off.
1249 2420 1276 2455 I.
1303 2421 1359 2455 22.
1377 2421 1431 2455 77.
1458 2419 1623 2454 meliores

209 2483 308 2518 codd.
335 2481 467 2516 habent
494 2479 624 2522 ‚laudis
653 2499 697 2504 ——
722 2479 940 2514 Pseudosall.
967 2479 1005 2513 in
1032 2480 1102 2516 Cic.
1129 2481 1162 2515 3.
1190 2480 1232 2522 6.,
1248 2480 1396 2523 Quintil.
1424 2481 1489 2517 XI.
1518 2481 1548 2518 1.
1566 2481 1623 2517 24.

209 2543 320 2588 (Plut.
348 2553 460 2586 comp.
489 2540 592 2574 Dein.
632 2545 667 2575 et
693 2540 827 2584 Cie.2.„
870 2539 1048 2585 ‚linguae‘,
1075 2541 1119 2576 of.
1145 2541 1357 2586 Heusinger.
1387 2543 1441 2577 ed.
1482 2542 1554 2578 Cic.
1582 2543 1624 2577 de

209 2605 269 2640 off.
298 2604 341 2639 ad
367 2603 389 2637 l.
417 2614 445 2637 O.
