1813 2972
864 104 916 143 15

291 218 363 274 ,ὥς
393 218 486 277 τάγ’
519 220 746 276 ἕναιθίρια
778 216 982 275 πλαγίῳ
1015 215 1279 275 συναρηρότα
1311 216 1495 274 κίκλιιι)ἲ

187 297 234 351 (1.
267 308 301 338 e.
334 300 575 336 transverso
609 293 769 334 circulo
802 292 1031 346 signifero).

327 366 390 408 De
409 367 632 418 solstitiali,
656 364 966 419 aequinoctiali,
993 361 1186 412 brumali,
1211 361 1412 415 signifero
1439 363 1598 403 circulo

188 440 330 482 Cicero
364 440 465 481 dicit
496 453 535 480 v.
569 440 676 480 308:

348 516 563 566 ,quattuor
593 511 637 551 hi
669 512 788 550 motu
820 508 962 548 cuncti
995 507 1231 548 volvuntur
1262 504 1436 547 eodem}

328 585 422 626 Hoc
468 587 606 625 autem
655 594 742 622 non
789 581 841 621 de
886 584 1086 634 quattuor
1124 579 1219 631 illis,
1257 578 1333 619 sed
1365 578 1416 618 de
1463 577 1600 618 tribus

188 660 354 698 tantum
386 657 477 711 pari
508 653 732 696 intervallo
780 654 891 694 inter
923 665 967 694 se
1015 651 1272 693 distantibus
1317 650 1488 690 circulis
1522 664 1599 704 pu-

188 730 367 771 tandum
399 732 463 769 est
484 740 569 768 una
601 739 700 767 cum
728 727 870 775 Arato,
905 725 1017 779 apud
1052 737 1180 779 quem
1214 719 1368 776 τὰμὲν
1398 723 1457 776 (V.
1487 722 1599 774 534.)

187 803 240 844 ad
270 806 354 843 tres
385 800 482 841 illos
515 799 713 852 circulos,
744 794 812 854 ὅγε
845 802 987 839 autem
1021 797 1080 854 (ν.
1108 794 1226 849 53ῖ.)
1260 795 1311 836 ad
1344 794 1595 849 signiferum

187 873 475 915 revocandum
509 885 599 914 esse
632 872 906 913 manifestum
939 874 1010 911 est.

329 945 517 987 Maxime
550 949 690 986 autem
717 944 960 985 mirandum
985 947 1059 996 est,
1093 946 1251 997 quanta
1277 954 1375 982 cum
1409 941 1601 982 socordia

191 1018 337 1060 Cicero
368 1019 492 1059 illum
521 1018 660 1059 locum
678 1016 920 1069 reddiderit,
954 1029 1036 1069 quo
1061 1017 1220 1056 Aratus
1248 1028 1272 1055 a
1292 1014 1600 1068 hemisphaerio

188 1092 506 1146 septentrionali
534 1091 685 1132 transit
715 1090 767 1130 ad
800 1088 1084 1130 meridianum
1109 1087 1446 1128 describendum.
1479 1086 1602 1127 Post-

191 1178 319 1218 quam
366 1165 479 1205 enim
527 1164 580 1204 ad
627 1166 865 1204 extremum
912 1161 962 1201 de
1008 1159 1220 1214 Delphino
1269 1161 1366 1213 egit,
1413 1158 1601 1200 Graecus

186 1240 310 1290 poeta
341 1237 477 1289 pergit
509 1234 564 1290 (v,
599 1235 694 1275 319.
731 1236 854 1288 sqq.):

330 1305 431 1361 ,Καὶ
464 1304 518 1348 τὰ
549 1306 627 1361 μὲν
658 1299 732 1350 οὖν
761 1309 899 1362 βορέω
932 1304 1005 1348 καὶ
1039 1299 1217 1362 ἆλήσιος
1247 1299 1410 1360 {emoto

328 1376 540 1436 μεσσηγὺς
571 1378 764 1432 κέχυται·
807 1377 861 1421 τὰ
894 1379 941 1421 δὲ
972 1376 1115 1421 velo&
1147 1378 1342 1420 τέλλεται
1374 1371 1483 1419 ἄλλα

330 1449 473 1494 πολλὰ
504 1450 662 1506 μεταξὺ
694 1450 837 1495 νότοιο
868 1450 944 1494 καὶ
976 1447 1140 1510 ἠελίοιο
1170 1448 1402 1493 κελεὺιὲὶου.ζ

333 1523 499 1574 Qiiibus
531 1525 673 1566 verbis
707 1527 878 1566 omnino
910 1525 1014 1567 falso
1054 1525 1106 1565 ad
1152 1523 1412 1578 Delphinum
1458 1523 1603 1564 relatis

190 1597 335 1639 Cicero
367 1599 493 1639 vertit
524 1599 584 1652 (v.
619 1599 687 1641 99.
722 1598 854 1654 sqq.):

333 1673 386 1723 ,at
415 1684 512 1724 pars
542 1671 717 1712 inferior
747 1670 949 1726 Delphini
980 1670 1072 1712 fusa
1106 1669 1278 1710 videtur

331 1744 442 1784 inter
473 1743 582 1785 Solis
613 1745 704 1797 iter,
737 1745 866 1785 simul
895 1745 1008 1785 inter
1032 1743 1206 1784 flamina
1236 1742 1366 1793 venti,

332 1815 498 1857 viribus
521 1818 705 1871 erumpit
737 1831 821 1872 qua
853 1817 1011 1858 summi
1043 1816 1216 1869 spiritus
1248 1812 1425 1855 Austri}

330 1886 448 1929 Haec
494 1902 630 1943 pauca
676 1890 871 1944 exempla
918 1889 1021 1930 satis
1066 1888 1215 1928 docere
1254 1886 1359 1927 mihi
1390 1884 1603 1937 videntur,

189 1960 312 2001 illum
325 1973 411 2002 non
426 1962 563 2002 solum
574 1975 709 2016 paene
726 1963 880 2017 puerili
896 1965 1041 2015 aetate,
1058 1961 1132 2002 sed
1150 1961 1276 2001 etiam
1293 1971 1429 2014 paene
1445 1959 1603 2013 puerili

191 2045 289 2073 cum
312 2033 579 2087 indiligentia
597 2036 720 2076 Arati
740 2035 1037 2077 Phaenomena
1054 2035 1097 2074 in
1115 2034 1308 2088 linguam
1325 2032 1602 2074 vernaculam

189 2106 470 2148 transtulisse.

331 2177 609 2233 Prognostica
651 2193 736 2234 quo
775 2184 962 2235 tempore
1005 2191 1208 2221 conversa
1239 2179 1338 2232 sint,
1374 2178 1458 2217 viri
1490 2177 1602 2218 docti

188 2250 301 2291 inter
322 2263 367 2292 se
390 2252 626 2301 discedunt.
689 2253 872 2294 Corrado
904 2253 949 2306 (l.
983 2265 1017 2294 c.
1049 2265 1088 2306 p.
1125 2252 1220 2292 193.
1248 2265 1310 2305 sq.
1349 2269 1397 2286 =
1430 2263 1471 2304 p.
1505 2249 1604 2290 260.

189 2320 309 2377 Ern.)
335 2324 680 2368 adulescentulus
703 2330 744 2368 et
763 2325 1065 2367 Phaenomena
1097 2331 1138 2366 et
1158 2324 1436 2379 Prognostica
1458 2323 1603 2364 Cicero

190 2397 460 2452 convertisse,
492 2402 587 2452 post
618 2402 759 2440 autem
791 2412 827 2439 a.
858 2398 924 2439 60.
956 2399 1058 2452 ipse,
1080 2398 1259 2438 Aratum
1283 2410 1370 2438 non
1400 2397 1604 2448 imitatus,

193 2475 362 2507 carmen
417 2468 720 2525 ,Prognostica‘
773 2472 1026 2524 inscriptum
1080 2470 1369 2523 composuisse
1413 2468 1600 2509 videtur:

192 2549 292 2578 nam
321 2540 365 2580 in
396 2554 458 2596 ep.
492 2543 543 2584 ad
575 2544 661 2585 Att.
693 2543 748 2584 Π.
784 2544 821 2586 1.
857 2544 922 2583 11.
955 2542 1262 2598 (‚Progn0stica
1294 2539 1423 2597 mea‘)
1473 2548 1514 2582 et
1551 2541 1602 2581 de

194 2609 278 2652 div.
308 2610 342 2654 Ι.
375 2612 412 2656 8.
453 2616 518 2656 13.
564 2615 874 2671 (,Prognostica
905 2615 1016 2669 t'ua‘)
1063 2615 1316 2670 pronomine
1362 2615 1601 2668 possessivo

189 2687 338 2738 ‚meus‘
372 2688 440 2729 vel
471 2688 597 2742 ,tuus‘
646 2689 808 2731 adiecto
853 2701 1025 2732 carmen
1069 2687 1284 2729 Ciceronis
1328 2687 1464 2741 ipsius
1512 2697 1602 2726 esse
