1813 2972
800 762 970 828 Vita.

318 977 642 1019 Maximilianus
675 976 891 1018 Grollmus
929 978 1059 1016 natus
1098 987 1193 1015 sum
1234 987 1270 1014 a.
1317 972 1355 1014 d.
1399 972 1475 1014 III.
1529 972 1591 1014 Id.

178 1051 291 1106 Sept.
327 1064 364 1092 a.
396 1051 435 1091 h.
469 1063 503 1091 s.
534 1048 692 1090 LXIV.
725 1047 951 1090 Sartovicii
995 1048 1039 1088 in
1082 1047 1255 1101 praedio
1290 1045 1476 1100 quodam
1513 1044 1598 1085 Bo-

177 1125 342 1165 russiae
375 1122 650 1164 occidentalis
682 1125 798 1176 patre
831 1120 1025 1173 Ernesto,
1049 1132 1176 1174 quem
1199 1119 1353 1160 abhinc
1374 1119 1460 1159 iam
1492 1117 1596 1158 duoss

180 1196 394 1251 deviginta
426 1208 560 1236 annos
591 1198 724 1236 morte
757 1197 951 1248 ereptum
984 1205 1077 1234 esse
1109 1192 1243 1244 doleo,
1276 1194 1411 1232 matre
1443 1190 1598 1231 Emma

179 1282 200 1310 e
231 1272 357 1323 gente
391 1267 604 1320 Scheffler,
643 1280 727 1321 qua
759 1266 898 1307 adhuc
943 1265 1168 1320 superstite
1205 1264 1383 1319 gaudeo.
1448 1262 1595 1304 Fidem

176 1339 376 1394 profiteor
407 1341 711 1394 evangelicam.
775 1339 885 1379 Vere
927 1351 961 1378 a.
1001 1338 1038 1379 h.
1077 1351 1106 1379 s.
1144 1336 1349 1378 LXXIII.
1394 1336 1479 1377 adii
1522 1349 1600 1390 gy-

180 1414 394 1454 mnasium
413 1411 764 1466 Graudentiense,
779 1411 892 1466 quod
910 1423 986 1466 per
1003 1410 1149 1453 decem
1176 1424 1310 1452 annos
1326 1409 1600 1464 frequentavi

182 1485 262 1527 sub
311 1485 513 1539 auspiciis
559 1485 677 1538 prius
725 1485 778 1527 A.
826 1484 1109 1538 Hagemanni,
1157 1486 1248 1524 tum
1296 1482 1351 1525 H.
1398 1481 1602 1523 Kretsch-

183 1558 327 1598 manni
358 1557 548 1598 virorum
582 1557 942 1598 doctissimorum.
1004 1556 1119 1597 Vere
1153 1569 1186 1597 a.
1219 1556 1258 1596 h.
1293 1569 1325 1598 s.
1349 1553 1600 1596 LXXXIII.

183 1630 436 1671 maturitatis
467 1630 762 1671 testimonium
806 1629 985 1684 adeptus
1031 1630 1280 1673 Berolinum
1326 1641 1394 1669 me
1428 1627 1602 1680 contuli⁷

185 1706 231 1743 ut
263 1702 404 1744 studio
436 1703 680 1755 linguarum
710 1704 996 1744 recentiorum
1027 1716 1094 1744 nie
1122 1702 1287 1744 darem:
1324 1714 1427 1742 mox
1460 1704 1600 1741 autem

184 1776 361 1817 consilio
408 1779 570 1817 mutato
618 1775 670 1816 ad
703 1776 1003 1830 antiquitatem
1049 1777 1215 1817 transii.
1292 1774 1374 1816 Per
1412 1775 1604 1828 quinque

185 1849 405 1890 semestria
464 1847 525 1888 ibi
587 1848 733 1889 audivi
786 1848 952 1890 scholas
1012 1849 1204 1889 virorum
1257 1848 1602 1889 doctissimorum

191 1920 376 1973 Curtius,
415 1921 546 1973 Diels,
593 1921 808 1973 Hzcebner,
842 1921 894 1962 A.
931 1920 1167 1975 Kirehlzoffi
1201 1921 1402 1972 Paulsen,
1435 1919 1602 1971 Roberty

190 1993 361 2035 Sekerer
392 1995 435 2049 †,
478 1993 649 2046 Vahlen,
674 1994 817 2035 Zeller.
883 1994 953 2034 Ad
976 1995 1302 2036 exercitationes
1324 1993 1604 2048 philologicas

188 2066 358 2107 admisit
389 2079 456 2108 me
490 2066 656 2108 Vahlen
688 2080 764 2122 per
796 2080 945 2120 unum,
987 2065 1106 2108 Diels
1143 2079 1219 2121 per
1257 2066 1340 2107 duo
1374 2065 1606 2118 semestria,

189 2139 242 2179 ad
289 2139 613 2181 exercitationes
656 2140 950 2194 epigraphicas
998 2139 1046 2181 A.
1081 2138 1305 2180 Kirchhoff
1346 2152 1423 2193 per
1468 2151 1602 2179 uuum

188 2215 405 2253 semestre.
469 2212 693 2253 Autumno
726 2226 760 2253 a.
793 2213 832 2254 h.
869 2226 901 2254 s.
935 2211 1148 2253 LXXXV
1190 2213 1492 2267 transmigravi
1523 2210 1607 2252 Re-

187 2285 456 2338 gimontium,
488 2283 562 2325 ubi
593 2297 669 2338 per
701 2289 904 2339 quattuor
936 2286 1157 2327 semestria
1188 2284 1363 2326 interfui
1387 2284 1453 2325 vel
1474 2285 1605 2324 inter-

190 2370 287 2398 sum
320 2357 476 2398 scholis
511 2358 698 2398 virorum
732 2358 1074 2400 doctissimorum
1106 2358 1398 2408 Frz'ecllc'lnder,
1427 2356 1606 2397 Hirsch—

190 2428 284 2482 feld,
317 2429 481 2471 Jordan
514 2430 556 2485 ᾗ,
597 2429 818 2484 Luclwz’eh,
868 2430 1041 2483 Schade,
1093 2431 1243 2483 lez'ele,
1292 2430 1458 2472 lValter.
1522 2428 1605 2469 Hic

191 2513 266 2555 per
297 2506 498 2556 quattuor
540 2504 758 2544 semestria
790 2504 948 2545 sodalis
987 2504 1228 2544 ordinarius
1261 2517 1356 2544 sum
1389 2502 1606 2544 seminarii

191 2575 297 2628 regii
327 2575 584 2631 philologici,
617 2589 692 2631 per
725 2576 810 2617 duo
843 2577 1065 2617 semestria
1107 2576 1325 2617 seminarii
1363 2575 1470 2630 regii
1504 2573 1606 2615 Ger-

191 2648 362 2689 manici.
912 2686 994 2735 μ
