1813 2972
839 117 891 157 21

164 237 298 278 Mario
331 234 592 287 conscriptos
625 245 717 273 esse
766 237 925 288 putant.
989 231 1070 274 Sed
1102 231 1204 272 milii
1239 233 1408 285 quidem
1443 235 1577 275 inere-

164 309 293 351 dibile
325 320 417 349 esse
442 306 619 356 videtur,
653 307 765 347 hunc
787 305 1035 346 Scaevolam
1058 303 1258 344 laudibus
1291 303 1395 344 illud
1430 318 1578 357 poema

165 381 384 423 extulisse:
418 381 520 420 'erat
558 380 671 419 enim
717 378 967 432 optimatum
1007 377 1189 430 partium
1239 375 1577 417 studiosissimus

164 453 508 508 implacabilique
541 452 586 491 in
603 450 816 491 Marianos
849 449 943 489 odio
976 447 1181 488 imbutus.
1243 447 1335 487 Iam
1358 448 1402 486 in
1429 448 1577 488 funere

165 522 272 564 Mari
315 536 350 564 a.
398 523 463 564 86.
511 523 740 575 instigante
773 521 816 563 C.
851 520 994 562 Flavio
1028 519 1214 560 Fimbria
1258 518 1438 560 Mariani
1480 533 1576 560 cum

165 595 355 636 occidere
387 595 526 636 conati
558 597 680 635 sunt:
716 606 801 634 non
835 598 977 634 autem
1001 593 1111 646 quod
1147 591 1328 647 agebant
1360 593 1577 632 suecessit.

163 668 246 710 Sed
279 667 469 721 pontifex
515 679 601 706 non
635 666 780 720 effugit
813 666 926 707 illos:
976 666 1121 720 paucis
1165 666 1276 706 enim
1322 668 1415 717 post
1454 664 1577 704 annis

165 742 221 794 (a.
255 739 341 795 82.)
375 739 509 780 Mario
541 738 628 779 filio
662 744 834 780 auctore
865 740 988 779 iuxta
1026 738 1176 778 Vestae
1208 737 1415 791 templum
1448 737 1575 777 truci-

165 814 288 855 datus
319 815 393 854 est.
458 810 578 860 Quae
611 824 711 852 cum
743 812 800 852 ita
833 813 930 864 sint,
974 810 1216 852 Scaevolam
1259 808 1499 864 pontificem
1533 810 1577 849 in

139 885 376 940 *prooemio
413 884 486 924 illo
527 898 550 924 a
584 883 787 925 Cicerone
819 883 1049 938 significari
1092 895 1185 924 meo
1225 883 1382 924 iudicio
1420 895 1576 936 negan-

163 957 264 998 dum
297 962 372 998 est.

304 1028 583 1070 Drumannus
617 1028 659 1082 (l.
685 1042 717 1070 c.
739 1043 778 1071 r.
807 1029 858 1071 V.
881 1043 920 1083 p.
946 1027 1060 1083 221.)
1095 1027 1141 1077 Q,
1175 1028 1366 1069 Mucium
1399 1025 1578 1067 Scaevo—

164 1101 247 1142 lam
281 1114 487 1155 augurem
520 1113 611 1142 esse
636 1101 863 1143 arbitratus
887 1114 1057 1142 carmen
1088 1103 1130 1142 in
1159 1114 1270 1142 anno
1299 1100 1365 1141 87.
1391 1099 1579 1151 collocat,

165 1187 247 1227 quo
271 1178 312 1215 et
334 1174 496 1215 Marius
517 1175 691 1215 revertit
713 1180 753 1215 et
773 1175 902 1214 huius
926 1175 1098 1227 quidem
1128 1174 1209 1213 viri
1237 1173 1347 1213 docti
1370 1172 1579 1213 sententia

163 1259 304 1299 augur
335 1251 530 1287 mortuus
561 1251 637 1287 est.
700 1246 781 1288 Sed
814 1260 898 1287 non
923 1246 1151 1287 verisimile
1185 1248 1259 1298 est,
1292 1248 1339 1285 ut
1360 1244 1578 1298 Hauptius

165 1331 274 1372 opss.
302 1331 342 1359 v,
365 1318 398 1361 Ι.
423 1331 459 1372 p.
487 1319 584 1360 211.
621 1332 712 1373 sqq.
745 1323 858 1361 recte
892 1320 1077 1373 exponit,
1112 1318 1359 1359 Ciceronem
1390 1318 1442 1358 iis
1474 1318 1578 1371 ipsis

165 1390 399 1444 mensibus,
445 1391 604 1445 quibus
649 1394 763 1433 cives
807 1393 1070 1433 atrocissime
1112 1392 1299 1432 interse
1331 1389 1579 1431 saeviebant

165 1464 443 1517 omniumque
478 1465 609 1505 animi
635 1466 955 1506 concitatissimi
983 1467 1115 1517 erant,
1146 1468 1239 1505 tuin
1262 1477 1360 1504 cum
1384 1463 1577 1504 nondum

163 1549 232 1577 res
270 1537 323 1576 ad
367 1541 530 1578 certum
574 1542 775 1579 eventum
822 1538 1032 1592 profectae
1078 1540 1208 1589 erant,
1251 1536 1357 1577 illud
1406 1548 1576 1577 carmen

165 1609 418 1651 condidisse.
492 1613 550 1651 At
596 1611 707 1651 ultra
752 1624 976 1666 progresso
1022 1609 1213 1664 Hauptio
1253 1607 1300 1664 (l.
1339 1607 1395 1664 e.)
1444 1608 1574 1662 ,mira‘

166 1681 479 1734 quodammodo
511 1695 559 1723 ea
592 1696 763 1737 quoque
796 1685 1006 1726 sententia
1033 1695 1125 1724 esse
1147 1682 1328 1734 videtur,
1360 1681 1576 1722 Ciceronis

165 1766 264 1807 epos
289 1754 401 1795 intra
432 1757 649 1809 proximos
679 1760 774 1810 post
806 1755 915 1796 Mari
946 1759 1124 1796 mortem
1156 1767 1302 1805 annos,
1335 1756 1456 1807 ,inter
1485 1755 1575 1808 ipsa

163 1825 454 1868 Marianorum
501 1827 674 1869 scelera<
719 1833 855 1869 ortum
901 1841 1004 1870 esse.
1066 1828 1208 1881 Atque
1247 1829 1373 1868 etiam
1406 1839 1461 1868 ex
1492 1827 1576 1867 illis

162 1898 306 1940 verbis
350 1899 422 1952 (de
460 1900 568 1954 legg.
602 1900 635 1942 I.
679 1901 714 1942 1.
748 1899 808 1955 4.)
858 1903 989 1955 ,atqui
1035 1901 1171 1942 multa
1219 1902 1485 1954 quaeruntur
1530 1900 1576 1939 in

164 1969 298 2012 Mario
339 1971 492 2012 fictane
539 1985 593 2012 an
638 1985 736 2013 vera
779 1975 865 2014 sint
903 1979 942 2015 et
974 1987 996 2015 a
1029 1973 1260 2025 nonnullis,
1307 1972 1420 2028 quod
1459 1975 1499 2012 et
1529 1972 1574 2012 in

162 2045 324 2084 recenti
367 2046 570 2086 memoria
612 2048 651 2086 et
694 2046 740 2085 in
771 2047 971 2099 Arpinati
1003 2047 1174 2087 homine
1205 2057 1388 2098 versere,
1418 2045 1575 2086 veritas

163 2130 186 2157 a
217 2121 258 2158 te
288 2117 538 2172 postuIatur‘
574 2131 775 2172 apparere
816 2122 950 2173 putat,
992 2132 1164 2160 carmen
1202 2119 1393 2159 omnium
1430 2117 1576 2158 oculos

109 2241 112 2245 .
163 2194 203 2230 et
234 2191 401 2232 animos
447 2191 493 2230 in
540 2203 585 2232 se
623 2192 885 2232 convertisse
923 2195 963 2232 et
995 2192 1322 2246 disceptationes
1355 2191 1576 2243 excitasse,

163 2263 277 2316 quod
311 2263 362 2304 de
394 2264 580 2304 carmine
610 2264 656 2304 in
689 2264 977 2306 adulescentia
1007 2265 1162 2318 scripto
1193 2264 1353 2304 factum
1386 2275 1479 2304 esse
1500 2263 1576 2303 vix

163 2334 360 2376 credibile
392 2337 458 2377 sit.
526 2335 773 2377 Scaevolam
805 2340 949 2378 autem
992 2337 1115 2378 ilium
1159 2349 1299 2391 neque
1331 2335 1575 2390 pontificem

162 2419 301 2461 neque
333 2421 539 2462 augurem
572 2421 676 2460 esse,
711 2408 786 2449 sed
815 2408 863 2457 Q.
887 2409 1078 2451 Mucium
1114 2410 1362 2452 Scaevolam
1400 2410 1574 2463 auguris

162 2477 315 2521 filium.
374 2480 418 2522 Is
450 2481 563 2535 apud
596 2480 644 2530 Q.
674 2480 917 2522 Ciceronem
950 2483 1060 2524 inter
1092 2484 1328 2524 amicorum
1359 2482 1576 2523 cohortem

164 2564 200 2592 a.
235 2551 302 2593 59.
339 2554 385 2594 in
417 2555 521 2594 Asia
565 2558 851 2596 commoratus
884 2559 925 2596 et
970 2555 1148 2597 fortasse
1179 2555 1292 2596 idem
1325 2558 1399 2606 est,
1447 2567 1574 2609 quem

162 2622 331 2666 Plinius
374 2638 440 2680 ep.
475 2627 511 2667 5.
544 2627 582 2668 3.
617 2627 728 2668 inter
757 2623 925 2682 poetas¹
947 2632 1160 2681 numerat3
1204 2641 1229 2669 a
1260 2627 1317 2670 M.
1348 2628 1486 2669 Tullio
1529 2629 1574 2668 in
